<?xml version="1.0" encoding="UTF-8"?>
<!DOCTYPE html PUBLIC "-//W3C//DTD XHTML 1.0 Transitional//EN"
    "http://www.w3.org/TR/xhtml1/DTD/xhtml1-transitional.dtd">
<html xmlns="http://www.w3.org/1999/xhtml" xml:lang="en" lang="en">
 <head>
  <title>
</title>
<meta http-equiv="Content-Type" content="text/html;charset=utf-8" />
  <meta name='ocr-system' content='tesseract 3.04.00' />
  <meta name='ocr-capabilities' content='ocr_page ocr_carea ocr_par ocr_line ocrx_word'/>
</head>
<body>
  <div class='ocr_page' id='page_1' title='image "./depollucisetphr00naecgoog_0053.png"; bbox 0 0 3402 5066; ppageno 0'>
   <div class='ocr_carea' id='block_1_1' title="bbox 727 357 970 459">
    <p class='ocr_par' dir='ltr' id='par_1_1' title="bbox 727 357 970 459">
     <span class='ocr_line' id='line_1_1' title="bbox 727 357 970 459; baseline 0.004 -1"><span class='ocrx_word' id='word_1_1' title='bbox 727 357 970 459; x_wconf 53' lang='lat'><strong>440-</strong></span> 
     </span>
    </p>
   </div>
   <div class='ocr_carea' id='block_1_2' title="bbox 206 574 1508 3642">
    <p class='ocr_par' dir='ltr' id='par_1_2' title="bbox 272 574 1449 750">
     <span class='ocr_line' id='line_1_2' title="bbox 274 574 1449 657; baseline -0.002 -15"><span class='ocrx_word' id='word_1_2' title='bbox 274 577 445 644; x_wconf 90' lang='lat' dir='ltr'><strong>molestum</strong></span> <span class='ocrx_word' id='word_1_3' title='bbox 469 576 643 657; x_wconf 86' lang='lat' dir='ltr'>dimisisse,</span> <span class='ocrx_word' id='word_1_4' title='bbox 668 576 876 642; x_wconf 90' lang='lat' dir='ltr'><strong>substituisse</strong></span> <span class='ocrx_word' id='word_1_5' title='bbox 892 575 1094 641; x_wconf 83' lang='lat' dir='ltr'>Hadrianum</span> <span class='ocrx_word' id='word_1_6' title='bbox 1118 574 1309 655; x_wconf 90' lang='lat' dir='ltr'><strong>discipulum</strong></span> <span class='ocrx_word' id='word_1_7' title='bbox 1325 575 1449 642; x_wconf 89' lang='lat' dir='ltr'><strong>Herodi</strong></span> 
     </span>
     <span class='ocr_line' id='line_1_3' title="bbox 272 683 484 750; baseline -0.005 -1"><span class='ocrx_word' id='word_1_8' title='bbox 272 683 484 750; x_wconf 88' lang='lat' dir='ltr'><strong>carissimum.</strong></span> 
     </span>
    </p>

    <p class='ocr_par' dir='ltr' id='par_1_3' title="bbox 272 787 1447 1297">
     <span class='ocr_line' id='line_1_4' title="bbox 278 787 1447 870; baseline 0 -16"><span class='ocrx_word' id='word_1_9' title='bbox 278 835 283 842; x_wconf 76' lang='lat'>·</span> <span class='ocrx_word' id='word_1_10' title='bbox 361 789 509 856; x_wconf 91' lang='lat' dir='ltr'><strong>Herodes</strong></span> <span class='ocrx_word' id='word_1_11' title='bbox 544 789 645 870; x_wconf 88' lang='lat' dir='ltr'><strong>igitur</strong></span> <span class='ocrx_word' id='word_1_12' title='bbox 685 793 761 854; x_wconf 91' lang='lat' dir='ltr'><strong>aute</strong></span> <span class='ocrx_word' id='word_1_13' title='bbox 797 788 998 856; x_wconf 85' lang='lat' dir='ltr'><strong>Theodotum</strong></span> <span class='ocrx_word' id='word_1_14' title='bbox 1029 787 1233 869; x_wconf 85' lang='lat' dir='ltr'><strong>sophisticae</strong></span> <span class='ocrx_word' id='word_1_15' title='bbox 1272 789 1447 854; x_wconf 90' lang='lat' dir='ltr'><strong>cathedrae</strong></span> 
     </span>
     <span class='ocr_line' id='line_1_5' title="bbox 272 895 1447 976; baseline -0.001 -16"><span class='ocrx_word' id='word_1_16' title='bbox 272 901 434 976; x_wconf 81' lang='lat' dir='ltr'><strong>praeerat,</strong></span> <span class='ocrx_word' id='word_1_17' title='bbox 466 895 521 975; x_wconf 93' lang='lat' dir='ltr'><strong>qui</strong></span> <span class='ocrx_word' id='word_1_18' title='bbox 549 912 620 961; x_wconf 90' lang='lat' dir='ltr'><strong>cum</strong></span> <span class='ocrx_word' id='word_1_19' title='bbox 645 895 774 974; x_wconf 88' lang='lat' dir='ltr'><strong>quantis</strong></span> <span class='ocrx_word' id='word_1_20' title='bbox 803 895 926 961; x_wconf 83' lang='lat' dir='ltr'><strong>divitiis</strong></span> <span class='ocrx_word' id='word_1_21' title='bbox 950 913 1045 973; x_wconf 89' lang='lat' dir='ltr'><strong>quam</strong></span> <span class='ocrx_word' id='word_1_22' title='bbox 1069 895 1151 960; x_wconf 88' lang='lat' dir='ltr'><strong>bene</strong></span> <span class='ocrx_word' id='word_1_23' title='bbox 1179 912 1256 960; x_wconf 89' lang='lat' dir='ltr'><strong>usus</strong></span> <span class='ocrx_word' id='word_1_24' title='bbox 1287 895 1331 960; x_wconf 91' lang='lat' dir='ltr'><strong>sit</strong></span> <span class='ocrx_word' id='word_1_25' title='bbox 1353 913 1447 961; x_wconf 90' lang='lat' dir='ltr'><strong>nemo</strong></span> 
     </span>
     <span class='ocr_line' id='line_1_6' title="bbox 272 999 1447 1084; baseline -0.003 -15"><span class='ocrx_word' id='word_1_26' title='bbox 272 1003 408 1084; x_wconf 89' lang='lat' dir='ltr'><strong>neseiat,</strong></span> <span class='ocrx_word' id='word_1_27' title='bbox 443 1003 561 1068; x_wconf 91' lang='lat' dir='ltr'><strong>salario</strong></span> <span class='ocrx_word' id='word_1_28' title='bbox 578 1001 709 1066; x_wconf 91' lang='lat' dir='ltr'><strong>minime</strong></span> <span class='ocrx_word' id='word_1_29' title='bbox 733 1003 860 1084; x_wconf 80' lang='lat' dir='ltr'><strong>egebat.</strong></span> <span class='ocrx_word' id='word_1_30' title='bbox 900 999 964 1066; x_wconf 85' lang='lat' dir='ltr'><strong>Sed</strong></span> <span class='ocrx_word' id='word_1_31' title='bbox 988 1019 1060 1066; x_wconf 90' lang='lat' dir='ltr'><strong>cum</strong></span> <span class='ocrx_word' id='word_1_32' title='bbox 1076 1001 1264 1066; x_wconf 81' lang='lat' dir='ltr'><strong>cathedram</strong></span> <span class='ocrx_word' id='word_1_33' title='bbox 1288 999 1328 1066; x_wconf 93' lang='lat' dir='ltr'><strong>ad</strong></span> <span class='ocrx_word' id='word_1_34' title='bbox 1344 1002 1447 1067; x_wconf 80' lang='lat' dir='ltr'><strong>Theo·</strong></span> 
     </span>
     <span class='ocr_line' id='line_1_7' title="bbox 273 1107 1446 1189; baseline -0.001 -15"><span class='ocrx_word' id='word_1_35' title='bbox 273 1110 383 1174; x_wconf 90' lang='lat' dir='ltr'><strong>dotum</strong></span> <span class='ocrx_word' id='word_1_36' title='bbox 406 1109 536 1173; x_wconf 90' lang='lat' dir='ltr'><strong>Marcus</strong></span> <span class='ocrx_word' id='word_1_37' title='bbox 568 1107 722 1189; x_wconf 84' lang='lat' dir='ltr'><strong>deterret,</strong></span> <span class='ocrx_word' id='word_1_38' title='bbox 756 1126 830 1174; x_wconf 92' lang='lat' dir='ltr'><strong>eum</strong></span> <span class='ocrx_word' id='word_1_39' title='bbox 856 1125 921 1173; x_wconf 88' lang='lat' dir='ltr'><strong>non</strong></span> <span class='ocrx_word' id='word_1_40' title='bbox 950 1125 1068 1188; x_wconf 89' lang='lat' dir='ltr'><strong>magna</strong></span> <span class='ocrx_word' id='word_1_41' title='bbox 1099 1108 1236 1187; x_wconf 91' lang='lat' dir='ltr'><strong>pecunia</strong></span> <span class='ocrx_word' id='word_1_42' title='bbox 1258 1113 1446 1173; x_wconf 88' lang='lat' dir='ltr'><strong>muneratus</strong></span> 
     </span>
     <span class='ocr_line' id='line_1_8' title="bbox 273 1214 1287 1297; baseline -0.003 -16"><span class='ocrx_word' id='word_1_43' title='bbox 273 1220 334 1297; x_wconf 90' lang='lat' dir='ltr'><strong>est,</strong></span> <span class='ocrx_word' id='word_1_44' title='bbox 359 1215 475 1280; x_wconf 91' lang='lat' dir='ltr'><strong>sedin</strong></span> <span class='ocrx_word' id='word_1_45' title='bbox 499 1232 592 1281; x_wconf 93' lang='lat' dir='ltr'><strong>omne</strong></span> <span class='ocrx_word' id='word_1_46' title='bbox 616 1222 743 1296; x_wconf 92' lang='lat' dir='ltr'><strong>tempus</strong></span> <span class='ocrx_word' id='word_1_47' title='bbox 768 1215 922 1280; x_wconf 88' lang='lat' dir='ltr'><strong>salarium</strong></span> <span class='ocrx_word' id='word_1_48' title='bbox 945 1232 1085 1280; x_wconf 92' lang='lat' dir='ltr'><strong>annuum</strong></span> <span class='ocrx_word' id='word_1_49' title='bbox 1110 1214 1287 1279; x_wconf 89' lang='lat' dir='ltr'><strong>constituit.</strong></span> 
     </span>
    </p>

    <p class='ocr_par' dir='ltr' id='par_1_4' title="bbox 268 1321 1448 1937">
     <span class='ocr_line' id='line_1_9' title="bbox 363 1321 1447 1402; baseline -0.002 -14"><span class='ocrx_word' id='word_1_50' title='bbox 363 1323 476 1401; x_wconf 87' lang='lat' dir='ltr'>Neque</span> <span class='ocrx_word' id='word_1_51' title='bbox 515 1321 602 1386; x_wconf 89' lang='lat' dir='ltr'><strong>enim</strong></span> <span class='ocrx_word' id='word_1_52' title='bbox 637 1322 677 1386; x_wconf 91' lang='lat' dir='ltr'><strong>ad</strong></span> <span class='ocrx_word' id='word_1_53' title='bbox 715 1321 776 1386; x_wconf 93' lang='lat' dir='ltr'><strong>hoc</strong></span> <span class='ocrx_word' id='word_1_54' title='bbox 811 1327 934 1387; x_wconf 90' lang='lat' dir='ltr'><strong>certum</strong></span> <span class='ocrx_word' id='word_1_55' title='bbox 972 1321 1125 1386; x_wconf 92' lang='lat' dir='ltr'><strong>salarium</strong></span> <span class='ocrx_word' id='word_1_56' title='bbox 1161 1324 1325 1402; x_wconf 88' lang='lat' dir='ltr'><strong>spectant,</strong></span> <span class='ocrx_word' id='word_1_57' title='bbox 1365 1339 1447 1400; x_wconf 92' lang='lat' dir='ltr'><strong>quae</strong></span> 
     </span>
     <span class='ocr_line' id='line_1_10' title="bbox 271 1426 1447 1512; baseline -0.005 -18"><span class='ocrx_word' id='word_1_58' title='bbox 271 1429 467 1512; x_wconf 82' lang='lat' dir='ltr'><strong>Spartianus</strong></span> <span class='ocrx_word' id='word_1_59' title='bbox 492 1429 532 1494; x_wconf 91' lang='lat' dir='ltr'><strong>de</strong></span> <span class='ocrx_word' id='word_1_60' title='bbox 549 1428 715 1493; x_wconf 90' lang='lat' dir='ltr'><strong>Hadriano</strong></span> <span class='ocrx_word' id='word_1_61' title='bbox 740 1435 774 1493; x_wconf 93' lang='lat' dir='ltr'><strong>et</strong></span> <span class='ocrx_word' id='word_1_62' title='bbox 798 1427 999 1509; x_wconf 81' lang='lat' dir='ltr'><strong>Capitolinus</strong></span> <span class='ocrx_word' id='word_1_63' title='bbox 1024 1427 1064 1492; x_wconf 93' lang='lat' dir='ltr'><strong>de</strong></span> <span class='ocrx_word' id='word_1_64' title='bbox 1085 1426 1248 1493; x_wconf 83' lang='lat' dir='ltr'><strong>Antonino</strong></span> <span class='ocrx_word' id='word_1_65' title='bbox 1272 1427 1330 1492; x_wconf 90' lang='lat' dir='ltr'><strong>Pio</strong></span> <span class='ocrx_word' id='word_1_66' title='bbox 1354 1427 1447 1493; x_wconf 91' lang='lat' dir='ltr'><strong>uobis</strong></span> 
     </span>
     <span class='ocr_line' id='line_1_11' title="bbox 273 1533 1447 1617; baseline -0.003 -16"><span class='ocrx_word' id='word_1_67' title='bbox 273 1536 414 1617; x_wconf 89' lang='lat' dir='ltr'><strong>tradunt,</strong></span> <span class='ocrx_word' id='word_1_68' title='bbox 442 1534 500 1601; x_wconf 85' lang='lat' dir='ltr'><strong>scd</strong></span> <span class='ocrx_word' id='word_1_69' title='bbox 515 1533 701 1600; x_wconf 88' lang='lat' dir='ltr'><strong>Hadrianus</strong></span> <span class='ocrx_word' id='word_1_70' title='bbox 726 1539 760 1600; x_wconf 93' lang='lat' dir='ltr'><strong>et</strong></span> <span class='ocrx_word' id='word_1_71' title='bbox 775 1534 958 1601; x_wconf 84' lang='lat' dir='ltr'><strong>Antoninus</strong></span> <span class='ocrx_word' id='word_1_72' title='bbox 982 1533 1098 1614; x_wconf 92' lang='lat' dir='ltr'><strong>amplis</strong></span> <span class='ocrx_word' id='word_1_73' title='bbox 1114 1533 1268 1614; x_wconf 88' lang='lat' dir='ltr'><strong>praemiis</strong></span> <span class='ocrx_word' id='word_1_74' title='bbox 1284 1533 1447 1613; x_wconf 87' lang='lat' dir='ltr'><strong>sophistas</strong></span> 
     </span>
     <span class='ocr_line' id='line_1_12' title="bbox 268 1640 1446 1725; baseline -0.004 -18"><span class='ocrx_word' id='word_1_75' title='bbox 268 1662 310 1710; x_wconf 82' lang='lat' dir='ltr'><strong>sc</strong></span> <span class='ocrx_word' id='word_1_76' title='bbox 333 1642 544 1725; x_wconf 88' lang='lat' dir='ltr'><strong>philosophos</strong></span> <span class='ocrx_word' id='word_1_77' title='bbox 569 1641 667 1707; x_wconf 90' lang='lat' dir='ltr'><strong>totius</strong></span> <span class='ocrx_word' id='word_1_78' title='bbox 692 1641 821 1722; x_wconf 89' lang='lat' dir='ltr'><strong>imperii</strong></span> <span class='ocrx_word' id='word_1_79' title='bbox 843 1640 1040 1721; x_wconf 84' lang='lat' dir='ltr'><strong>afficiebant,</strong></span> <span class='ocrx_word' id='word_1_80' title='bbox 1065 1657 1147 1720; x_wconf 90' lang='lat' dir='ltr'><strong>quae</strong></span> <span class='ocrx_word' id='word_1_81' title='bbox 1176 1646 1298 1718; x_wconf 90' lang='lat' dir='ltr'><strong>quauta</strong></span> <span class='ocrx_word' id='word_1_82' title='bbox 1327 1645 1446 1719; x_wconf 88' lang='lat' dir='ltr'><strong>esseut,</strong></span> 
     </span>
     <span class='ocr_line' id='line_1_13' title="bbox 270 1745 1448 1829; baseline -0.003 -16"><span class='ocrx_word' id='word_1_83' title='bbox 270 1751 487 1829; x_wconf 90' lang='lat' dir='ltr'><strong>imperatores</strong></span> <span class='ocrx_word' id='word_1_84' title='bbox 522 1749 719 1813; x_wconf 89' lang='lat' dir='ltr'><strong>statuebant.</strong></span> <span class='ocrx_word' id='word_1_85' title='bbox 777 1748 892 1827; x_wconf 86' lang='lat' dir='ltr'><strong>itaque</strong></span> <span class='ocrx_word' id='word_1_86' title='bbox 927 1748 998 1826; x_wconf 93' lang='lat' dir='ltr'><strong>quis</strong></span> <span class='ocrx_word' id='word_1_87' title='bbox 1038 1745 1219 1813; x_wconf 88' lang='lat' dir='ltr'><strong>condiderit</strong></span> <span class='ocrx_word' id='word_1_88' title='bbox 1260 1746 1448 1812; x_wconf 85' lang='lat' dir='ltr'><strong>cathedram</strong></span> 
     </span>
     <span class='ocr_line' id='line_1_14' title="bbox 269 1852 1188 1937; baseline -0.009 -17"><span class='ocrx_word' id='word_1_89' title='bbox 269 1856 517 1937; x_wconf 86' lang='lat' dir='ltr'><strong>Atheniensem,</strong></span> <span class='ocrx_word' id='word_1_90' title='bbox 542 1855 614 1920; x_wconf 87' lang='lat' dir='ltr'><strong>allis</strong></span> <span class='ocrx_word' id='word_1_91' title='bbox 638 1854 839 1937; x_wconf 84' lang='lat' dir='ltr'><strong>argumentis</strong></span> <span class='ocrx_word' id='word_1_92' title='bbox 864 1852 1104 1919; x_wconf 88' lang='lat' dir='ltr'><strong>diiudicandum</strong></span> <span class='ocrx_word' id='word_1_93' title='bbox 1129 1861 1188 1919; x_wconf 89' lang='lat' dir='ltr'><strong>est.</strong></span> 
     </span>
    </p>

    <p class='ocr_par' dir='ltr' id='par_1_5' title="bbox 206 1958 1508 3642">
     <span class='ocr_line' id='line_1_15' title="bbox 362 1958 1446 2042; baseline 0 -17"><span class='ocrx_word' id='word_1_94' title='bbox 362 1962 545 2027; x_wconf 85' lang='lat' dir='ltr'><strong>Lollianum</strong></span> <span class='ocrx_word' id='word_1_95' title='bbox 563 1961 701 2042; x_wconf 93' lang='lat' dir='ltr'><strong>primum</strong></span> <span class='ocrx_word' id='word_1_96' title='bbox 717 1961 900 2040; x_wconf 84' lang='lat' dir='ltr'><strong>praefuisse</strong></span> <span class='ocrx_word' id='word_1_97' title='bbox 916 1960 1092 2026; x_wconf 86' lang='lat' dir='ltr'><strong>cathedrae</strong></span> <span class='ocrx_word' id='word_1_98' title='bbox 1103 1959 1323 2025; x_wconf 85' lang='lat' dir='ltr'><strong>Philostratus</strong></span> <span class='ocrx_word' id='word_1_99' title='bbox 1336 1958 1446 2041; x_wconf 91' lang='lat' dir='ltr'><strong>tradit,</strong></span> 
     </span>
     <span class='ocr_line' id='line_1_16' title="bbox 269 2065 1447 2150; baseline -0.002 -19"><span class='ocrx_word' id='word_1_100' title='bbox 269 2068 326 2147; x_wconf 89' lang='lat' dir='ltr'><strong>qui</strong></span> <span class='ocrx_word' id='word_1_101' title='bbox 352 2087 413 2146; x_wconf 94' lang='lat' dir='ltr'><strong>quo</strong></span> <span class='ocrx_word' id='word_1_102' title='bbox 435 2069 632 2148; x_wconf 85' lang='lat' dir='ltr'><strong>imperatore</strong></span> <span class='ocrx_word' id='word_1_103' title='bbox 655 2066 810 2150; x_wconf 89' lang='lat' dir='ltr'><strong>floruerit,</strong></span> <span class='ocrx_word' id='word_1_104' title='bbox 834 2067 954 2132; x_wconf 91' lang='lat' dir='ltr'><strong>addere</strong></span> <span class='ocrx_word' id='word_1_105' title='bbox 983 2066 1139 2149; x_wconf 87' lang='lat' dir='ltr'><strong>neglegit.</strong></span> <span class='ocrx_word' id='word_1_106' title='bbox 1177 2065 1316 2130; x_wconf 87' lang='lat' dir='ltr'><strong>Auditor</strong></span> <span class='ocrx_word' id='word_1_107' title='bbox 1340 2070 1447 2130; x_wconf 86' lang='lat' dir='ltr'><strong>autem</strong></span> 
     </span>
     <span class='ocr_line' id='line_1_17' title="bbox 269 2171 1448 2256; baseline -0.003 -16"><span class='ocrx_word' id='word_1_108' title='bbox 269 2181 345 2240; x_wconf 87' lang='lat' dir='ltr'><strong>erat</strong></span> <span class='ocrx_word' id='word_1_109' title='bbox 373 2175 540 2240; x_wconf 87' lang='lat' dir='ltr'><strong>Lollianus</strong></span> <span class='ocrx_word' id='word_1_110' title='bbox 563 2174 665 2256; x_wconf 89' lang='lat' dir='ltr'><strong>Isaei‚</strong></span> <span class='ocrx_word' id='word_1_111' title='bbox 698 2175 751 2253; x_wconf 93' lang='lat' dir='ltr'><strong>qui</strong></span> <span class='ocrx_word' id='word_1_112' title='bbox 783 2174 869 2240; x_wconf 91' lang='lat' dir='ltr'><strong>circa</strong></span> <span class='ocrx_word' id='word_1_113' title='bbox 900 2171 1033 2238; x_wconf 79' lang='lat' dir='ltr'><strong>amieo</strong></span> <span class='ocrx_word' id='word_1_114' title='bbox 1055 2172 1177 2254; x_wconf 91' lang='lat' dir='ltr'><strong>floruit,</strong></span> <span class='ocrx_word' id='word_1_115' title='bbox 1212 2191 1272 2251; x_wconf 96' lang='lat' dir='ltr'><strong>quo</strong></span> <span class='ocrx_word' id='word_1_116' title='bbox 1303 2180 1448 2252; x_wconf 89' lang='lat' dir='ltr'><strong>tempore</strong></span> 
     </span>
     <span class='ocr_line' id='line_1_18' title="bbox 272 2274 1449 2362; baseline -0.004 -16"><span class='ocrx_word' id='word_1_117' title='bbox 272 2280 397 2346; x_wconf 88' lang='lat' dir='ltr'><strong>Plinius</strong></span> <span class='ocrx_word' id='word_1_118' title='bbox 428 2280 594 2346; x_wconf 86' lang='lat' dir='ltr'><strong>Secundus</strong></span> <span class='ocrx_word' id='word_1_119' title='bbox 631 2281 845 2362; x_wconf 89' lang='lat' dir='ltr'><strong>epistularum</strong></span> <span class='ocrx_word' id='word_1_120' title='bbox 880 2282 998 2346; x_wconf 90' lang='lat' dir='ltr'><strong>librum</strong></span> <span class='ocrx_word' id='word_1_121' title='bbox 1031 2281 1169 2346; x_wconf 89' lang='lat' dir='ltr'><strong>alterum</strong></span> <span class='ocrx_word' id='word_1_122' title='bbox 1202 2279 1334 2358; x_wconf 90' lang='lat' dir='ltr'><strong>scripsit</strong></span> <span class='ocrx_word' id='word_1_123' title='bbox 1343 2274 1379 2362; x_wconf 85' lang='grc'><strong>1),</strong></span> <span class='ocrx_word' id='word_1_124' title='bbox 1411 2284 1449 2342; x_wconf 90' lang='lat' dir='ltr'><strong>ut</strong></span> 
     </span>
     <span class='ocr_line' id='line_1_19' title="bbox 269 2385 1447 2469; baseline -0.002 -17"><span class='ocrx_word' id='word_1_125' title='bbox 269 2387 450 2454; x_wconf 85' lang='lat' dir='ltr'><strong>verisimile</strong></span> <span class='ocrx_word' id='word_1_126' title='bbox 482 2388 525 2453; x_wconf 91' lang='lat' dir='ltr'><strong>sit</strong></span> <span class='ocrx_word' id='word_1_127' title='bbox 556 2388 738 2454; x_wconf 89' lang='lat' dir='ltr'><strong>Lollianum</strong></span> <span class='ocrx_word' id='word_1_128' title='bbox 769 2387 936 2452; x_wconf 91' lang='lat' dir='ltr'><strong>Hadriano</strong></span> <span class='ocrx_word' id='word_1_129' title='bbox 968 2391 1129 2469; x_wconf 85' lang='lat' dir='ltr'><strong>regnante</strong></span> <span class='ocrx_word' id='word_1_130' title='bbox 1160 2385 1309 2450; x_wconf 90' lang='lat' dir='ltr'><strong>floruisse</strong></span> <span class='ocrx_word' id='word_1_131' title='bbox 1339 2385 1447 2450; x_wconf 87' lang='lat' dir='ltr'><strong>cathe-</strong></span> 
     </span>
     <span class='ocr_line' id='line_1_20' title="bbox 270 2485 1447 2576; baseline -0.002 -18"><span class='ocrx_word' id='word_1_132' title='bbox 270 2495 429 2574; x_wconf 87' lang='lat' dir='ltr'><strong>dramque</strong></span> <span class='ocrx_word' id='word_1_133' title='bbox 461 2485 635 2575; x_wconf 86' lang='lat' dir='ltr'><strong>accepisse.</strong></span> <span class='ocrx_word' id='word_1_134' title='bbox 690 2493 781 2576; x_wconf 80' lang='lat' dir='ltr'><strong>Quod</strong></span> <span class='ocrx_word' id='word_1_135' title='bbox 813 2494 1014 2559; x_wconf 85' lang='lat' dir='ltr'><strong>Hadrianum</strong></span> <span class='ocrx_word' id='word_1_136' title='bbox 1046 2492 1231 2559; x_wconf 89' lang='lat' dir='ltr'><strong>cathedram</strong></span> <span class='ocrx_word' id='word_1_137' title='bbox 1264 2491 1447 2558; x_wconf 88' lang='lat' dir='ltr'><strong>condidisse</strong></span> 
     </span>
     <span class='ocr_line' id='line_1_21' title="bbox 221 2598 1445 2683; baseline 0.001 -23"><span class='ocrx_word' id='word_1_138' title='bbox 221 2653 223 2660; x_wconf 82' lang='grc'><strong>,</strong></span> <span class='ocrx_word' id='word_1_139' title='bbox 270 2599 420 2682; x_wconf 72' lang='lat' dir='ltr'><strong>dicimus</strong></span> <span class='ocrx_word' id='word_1_140' title='bbox 452 2600 578 2666; x_wconf 90' lang='lat' dir='ltr'><strong>accedit</strong></span> <span class='ocrx_word' id='word_1_141' title='bbox 609 2605 835 2683; x_wconf 84' lang='lat' dir='ltr'><strong>argumentum</strong></span> <span class='ocrx_word' id='word_1_142' title='bbox 864 2601 1003 2666; x_wconf 90' lang='lat' dir='ltr'><strong>alterum</strong></span> <span class='ocrx_word' id='word_1_143' title='bbox 1027 2605 1124 2680; x_wconf 88' lang='lat' dir='ltr'><strong>atque</strong></span> <span class='ocrx_word' id='word_1_144' title='bbox 1153 2598 1188 2663; x_wconf 94' lang='lat' dir='ltr'><strong>id</strong></span> <span class='ocrx_word' id='word_1_145' title='bbox 1210 2599 1445 2682; x_wconf 86' lang='lat' dir='ltr'><strong>gravissimum.</strong></span> 
     </span>
     <span class='ocr_line' id='line_1_22' title="bbox 272 2705 1446 2790; baseline -0.002 -18"><span class='ocrx_word' id='word_1_146' title='bbox 272 2708 509 2773; x_wconf 88' lang='lat' dir='ltr'><strong>Bibliothecam</strong></span> <span class='ocrx_word' id='word_1_147' title='bbox 531 2708 618 2773; x_wconf 91' lang='lat' dir='ltr'><strong>enim</strong></span> <span class='ocrx_word' id='word_1_148' title='bbox 634 2707 774 2773; x_wconf 86' lang='lat' dir='ltr'><strong>Athenis</strong></span> <span class='ocrx_word' id='word_1_149' title='bbox 789 2706 976 2772; x_wconf 87' lang='lat' dir='ltr'><strong>Hadrianus</strong></span> <span class='ocrx_word' id='word_1_150' title='bbox 1000 2707 1184 2790; x_wconf 64' lang='lat' dir='ltr'><strong>condiditi),</strong></span> <span class='ocrx_word' id='word_1_151' title='bbox 1210 2706 1238 2772; x_wconf 93' lang='lat' dir='ltr'><strong>si</strong></span> <span class='ocrx_word' id='word_1_152' title='bbox 1251 2705 1446 2788; x_wconf 88' lang='lat' dir='ltr'><strong>Hieronymo</strong></span> 
     </span>
     <span class='ocr_line' id='line_1_23' title="bbox 206 2811 1508 2904; baseline -0.003 -24"><span class='ocrx_word' id='word_1_153' title='bbox 206 2869 213 2898; x_wconf 73' lang='lat'><strong>,</strong></span> <span class='ocrx_word' id='word_1_154' title='bbox 271 2813 405 2881; x_wconf 90' lang='lat' dir='ltr'><strong>credere</strong></span> <span class='ocrx_word' id='word_1_155' title='bbox 418 2814 505 2896; x_wconf 91' lang='lat' dir='ltr'><strong>licet,</strong></span> <span class='ocrx_word' id='word_1_156' title='bbox 522 2829 562 2880; x_wconf 90' lang='lat' dir='ltr'><strong>a0</strong></span> <span class='ocrx_word' id='word_1_157' title='bbox 583 2812 647 2878; x_wconf 77' lang='lat'><strong>132</strong></span> <span class='ocrx_word' id='word_1_158' title='bbox 657 2813 690 2898; x_wconf 67' lang='grc'><strong>3).</strong></span> <span class='ocrx_word' id='word_1_159' title='bbox 716 2815 813 2904; x_wconf 80' lang='lat' dir='ltr'><strong>Cuius</strong></span> <span class='ocrx_word' id='word_1_160' title='bbox 828 2815 931 2880; x_wconf 82' lang='lat' dir='ltr'><strong>forma</strong></span> <span class='ocrx_word' id='word_1_161' title='bbox 946 2815 982 2878; x_wconf 90' lang='lat' dir='ltr'><strong>in</strong></span> <span class='ocrx_word' id='word_1_162' title='bbox 997 2814 1109 2879; x_wconf 89' lang='lat' dir='ltr'><strong>tabula</strong></span> <span class='ocrx_word' id='word_1_163' title='bbox 1125 2814 1181 2879; x_wconf 93' lang='lat' dir='ltr'><strong>illa</strong></span> <span class='ocrx_word' id='word_1_164' title='bbox 1193 2811 1449 2892; x_wconf 88' lang='lat' dir='ltr'><strong>Doerpieldiana</strong></span> <span class='ocrx_word' id='word_1_165' title='bbox 1505 2819 1508 2824; x_wconf 83' lang='lat'>&#39;</span> 
     </span>
     <span class='ocr_line' id='line_1_24' title="bbox 270 2919 1447 3004; baseline -0.003 -18"><span class='ocrx_word' id='word_1_166' title='bbox 270 2920 512 3004; x_wconf 58' lang='lat' dir='ltr'><strong>conspiciturt).</strong></span> <span class='ocrx_word' id='word_1_167' title='bbox 549 2921 628 2987; x_wconf 82' lang='lat' dir='ltr'><strong>Cum</strong></span> <span class='ocrx_word' id='word_1_168' title='bbox 645 2922 861 2988; x_wconf 87' lang='lat' dir='ltr'><strong>bibliothecae</strong></span> <span class='ocrx_word' id='word_1_169' title='bbox 883 2921 987 3002; x_wconf 90' lang='lat' dir='ltr'><strong>ipsius</strong></span> <span class='ocrx_word' id='word_1_170' title='bbox 1003 2919 1148 2986; x_wconf 91' lang='lat' dir='ltr'><strong>aedificio</strong></span> <span class='ocrx_word' id='word_1_171' title='bbox 1164 2919 1354 2985; x_wconf 90' lang='lat' dir='ltr'><strong>coniunctae</strong></span> <span class='ocrx_word' id='word_1_172' title='bbox 1371 2925 1447 2983; x_wconf 89' lang='lat' dir='ltr'><strong>suut</strong></span> 
     </span>
     <span class='ocr_line' id='line_1_25' title="bbox 271 3025 1446 3123; baseline -0.003 -31"><span class='ocrx_word' id='word_1_173' title='bbox 271 3028 417 3108; x_wconf 89' lang='lat' dir='ltr'><strong>porticus</strong></span> <span class='ocrx_word' id='word_1_174' title='bbox 442 3047 509 3106; x_wconf 77' lang='lat' dir='ltr'><strong>ser,</strong></span> <span class='ocrx_word' id='word_1_175' title='bbox 534 3035 571 3094; x_wconf 90' lang='lat' dir='ltr'><strong>ut</strong></span> <span class='ocrx_word' id='word_1_176' title='bbox 586 3028 735 3123; x_wconf 74' lang='lat' dir='ltr'><strong>videtur,</strong></span> <span class='ocrx_word' id='word_1_177' title='bbox 751 3029 877 3094; x_wconf 86' lang='lat' dir='ltr'><strong>exedris</strong></span> <span class='ocrx_word' id='word_1_178' title='bbox 902 3032 1046 3109; x_wconf 87' lang='lat' dir='ltr'><strong>ornatae,</strong></span> <span class='ocrx_word' id='word_1_179' title='bbox 1072 3045 1206 3106; x_wconf 90' lang='lat' dir='ltr'><strong>quarum</strong></span> <span class='ocrx_word' id='word_1_180' title='bbox 1229 3044 1322 3090; x_wconf 88' lang='lat' dir='ltr'><strong>usum</strong></span> <span class='ocrx_word' id='word_1_181' title='bbox 1337 3025 1446 3090; x_wconf 90' lang='lat' dir='ltr'><strong>Vitru-</strong></span> 
     </span>
     <span class='ocr_line' id='line_1_26' title="bbox 271 3132 1508 3217; baseline -0.003 -18"><span class='ocrx_word' id='word_1_182' title='bbox 271 3135 345 3199; x_wconf 77' lang='lat' dir='ltr'><strong>vius</strong></span> <span class='ocrx_word' id='word_1_183' title='bbox 369 3134 397 3198; x_wconf 91' lang='lat' dir='ltr'>V</span> <span class='ocrx_word' id='word_1_184' title='bbox 423 3134 475 3217; x_wconf 92' lang='grc'><strong>11,</strong></span> <span class='ocrx_word' id='word_1_185' title='bbox 512 3134 531 3196; x_wconf 85' lang='grc'>2</span> <span class='ocrx_word' id='word_1_186' title='bbox 560 3134 646 3201; x_wconf 90' lang='lat' dir='ltr'><strong>Rose</strong></span> <span class='ocrx_word' id='word_1_187' title='bbox 669 3135 762 3200; x_wconf 91' lang='lat' dir='ltr'><strong>nobis</strong></span> <span class='ocrx_word' id='word_1_188' title='bbox 791 3135 944 3210; x_wconf 86' lang='lat' dir='ltr'><strong>explicat:</strong></span> <span class='ocrx_word' id='word_1_189' title='bbox 981 3133 1237 3217; x_wconf 89' lang='lat' dir='ltr'><strong>„constituantur</strong></span> <span class='ocrx_word' id='word_1_190' title='bbox 1272 3137 1380 3198; x_wconf 88' lang='lat' dir='ltr'><strong>autem</strong></span> <span class='ocrx_word' id='word_1_191' title='bbox 1412 3132 1445 3196; x_wconf 91' lang='lat' dir='ltr'><strong>iu</strong></span> <span class='ocrx_word' id='word_1_192' title='bbox 1507 3175 1508 3180; x_wconf 47' lang='lat'><strong>.</strong></span> 
     </span>
     <span class='ocr_line' id='line_1_27' title="bbox 269 3239 1445 3322; baseline -0.002 -16"><span class='ocrx_word' id='word_1_193' title='bbox 269 3241 375 3306; x_wconf 91' lang='lat' dir='ltr'><strong>tribus</strong></span> <span class='ocrx_word' id='word_1_194' title='bbox 392 3242 569 3322; x_wconf 90' lang='lat' dir='ltr'><strong>porticibus</strong></span> <span class='ocrx_word' id='word_1_195' title='bbox 591 3240 753 3307; x_wconf 85' lang='lat' dir='ltr'><strong>exhedrae</strong></span> <span class='ocrx_word' id='word_1_196' title='bbox 770 3242 943 3322; x_wconf 90' lang='lat' dir='ltr'><strong>spatiosae,</strong></span> <span class='ocrx_word' id='word_1_197' title='bbox 968 3240 1128 3306; x_wconf 90' lang='lat' dir='ltr'><strong>habentes</strong></span> <span class='ocrx_word' id='word_1_198' title='bbox 1149 3239 1255 3321; x_wconf 90' lang='lat' dir='ltr'><strong>sedes,</strong></span> <span class='ocrx_word' id='word_1_199' title='bbox 1278 3239 1445 3319; x_wconf 92' lang='lat' dir='ltr'><strong>inquibus</strong></span> 
     </span>
     <span class='ocr_line' id='line_1_28' title="bbox 271 3345 1445 3428; baseline -0.001 -18"><span class='ocrx_word' id='word_1_200' title='bbox 271 3346 456 3428; x_wconf 92' lang='lat' dir='ltr'><strong>philosophi</strong></span> <span class='ocrx_word' id='word_1_201' title='bbox 479 3347 628 3413; x_wconf 89' lang='lat' dir='ltr'><strong>rhetores</strong></span> <span class='ocrx_word' id='word_1_202' title='bbox 651 3346 831 3428; x_wconf 87' lang='lat' dir='ltr'><strong>reliquique</strong></span> <span class='ocrx_word' id='word_1_203' title='bbox 855 3347 909 3426; x_wconf 92' lang='lat' dir='ltr'><strong>qui</strong></span> <span class='ocrx_word' id='word_1_204' title='bbox 933 3347 1050 3412; x_wconf 91' lang='lat' dir='ltr'><strong>studiis</strong></span> <span class='ocrx_word' id='word_1_205' title='bbox 1066 3345 1271 3412; x_wconf 87' lang='lat' dir='ltr'><strong>delectantur</strong></span> <span class='ocrx_word' id='word_1_206' title='bbox 1294 3345 1445 3411; x_wconf 89' lang='lat' dir='ltr'><strong>sedentes</strong></span> 
     </span>
     <span class='ocr_line' id='line_1_29' title="bbox 268 3451 1444 3534; baseline -0.001 -18"><span class='ocrx_word' id='word_1_207' title='bbox 268 3453 439 3534; x_wconf 87' lang='lat' dir='ltr'><strong>disputare</strong></span> <span class='ocrx_word' id='word_1_208' title='bbox 455 3453 600 3534; x_wconf 73' lang='lat' dir='ltr'><strong>possinr‘</strong></span> <span class='ocrx_word' id='word_1_209' title='bbox 611 3451 643 3534; x_wconf 72' lang='grc'><strong>5).</strong></span> <span class='ocrx_word' id='word_1_210' title='bbox 678 3454 793 3532; x_wconf 91' lang='lat' dir='ltr'><strong>Itaque</strong></span> <span class='ocrx_word' id='word_1_211' title='bbox 809 3453 995 3518; x_wconf 89' lang='lat' dir='ltr'><strong>Hadrianus</strong></span> <span class='ocrx_word' id='word_1_212' title='bbox 1011 3471 1076 3518; x_wconf 92' lang='lat' dir='ltr'><strong>nou</strong></span> <span class='ocrx_word' id='word_1_213' title='bbox 1093 3451 1195 3519; x_wconf 92' lang='lat' dir='ltr'><strong>solum</strong></span> <span class='ocrx_word' id='word_1_214' title='bbox 1216 3451 1444 3518; x_wconf 89' lang='lat' dir='ltr'><strong>bibliothecam</strong></span> 
     </span>
     <span class='ocr_line' id='line_1_30' title="bbox 267 3558 1445 3642; baseline -0.003 -17"><span class='ocrx_word' id='word_1_215' title='bbox 267 3559 425 3642; x_wconf 90' lang='lat' dir='ltr'><strong>condidit,</strong></span> <span class='ocrx_word' id='word_1_216' title='bbox 449 3560 631 3628; x_wconf 87' lang='lat' dir='ltr'><strong>sedetiam</strong></span> <span class='ocrx_word' id='word_1_217' title='bbox 656 3560 709 3640; x_wconf 92' lang='lat' dir='ltr'><strong>qui</strong></span> <span class='ocrx_word' id='word_1_218' title='bbox 737 3560 823 3625; x_wconf 91' lang='lat' dir='ltr'><strong>illius</strong></span> <span class='ocrx_word' id='word_1_219' title='bbox 852 3560 1017 3627; x_wconf 90' lang='lat' dir='ltr'><strong>thesauris</strong></span> <span class='ocrx_word' id='word_1_220' title='bbox 1046 3565 1216 3624; x_wconf 90' lang='lat' dir='ltr'><strong>uterentur</strong></span> <span class='ocrx_word' id='word_1_221' title='bbox 1242 3558 1445 3639; x_wconf 83' lang='lat' dir='ltr'><strong>professores</strong></span> 
     </span>
    </p>
   </div>
   <div class='ocr_carea' id='block_1_3' title="bbox 270 3732 1446 4430">
    <p class='ocr_par' dir='ltr' id='par_1_6' title="bbox 366 3732 1445 3804">
     <span class='ocr_line' id='line_1_31' title="bbox 366 3732 1445 3804; baseline -0.006 -16"><span class='ocrx_word' id='word_1_222' title='bbox 366 3737 386 3804; x_wconf 91' lang='lat'><strong>¹)</strong></span> <span class='ocrx_word' id='word_1_223' title='bbox 405 3737 443 3787; x_wconf 88' lang='lat' dir='ltr'><strong>M.</strong></span> <span class='ocrx_word' id='word_1_224' title='bbox 455 3737 572 3800; x_wconf 85' lang='lat' dir='ltr'><strong>Sohanz,</strong></span> <span class='ocrx_word' id='word_1_225' title='bbox 589 3735 757 3788; x_wconf 82' lang='lat' dir='ltr'><strong>Gesohichte</strong></span> <span class='ocrx_word' id='word_1_226' title='bbox 769 3736 818 3787; x_wconf 87' lang='lat' dir='ltr'><strong>der</strong></span> <span class='ocrx_word' id='word_1_227' title='bbox 831 3735 990 3787; x_wconf 81' lang='lat' dir='ltr'><strong>romischen</strong></span> <span class='ocrx_word' id='word_1_228' title='bbox 1006 3734 1151 3786; x_wconf 86' lang='lat' dir='ltr'><strong>Literatur</strong></span> <span class='ocrx_word' id='word_1_229' title='bbox 1163 3735 1228 3784; x_wconf 85' lang='lat'><strong>112.</strong></span> <span class='ocrx_word' id='word_1_230' title='bbox 1244 3734 1311 3786; x_wconf 88' lang='grc'><strong>1901</strong></span> <span class='ocrx_word' id='word_1_231' title='bbox 1321 3732 1332 3764; x_wconf 68' lang='lat'>⁹</span> <span class='ocrx_word' id='word_1_232' title='bbox 1344 3749 1370 3798; x_wconf 90' lang='lat' dir='ltr'><strong>p.</strong></span> <span class='ocrx_word' id='word_1_233' title='bbox 1383 3733 1445 3783; x_wconf 80' lang='grc'><strong>273,</strong></span> 
     </span>
    </p>

    <p class='ocr_par' dir='ltr' id='par_1_7' title="bbox 360 3824 1018 3892">
     <span class='ocr_line' id='line_1_32' title="bbox 360 3824 1018 3892; baseline 0 -15"><span class='ocrx_word' id='word_1_234' title='bbox 360 3826 383 3892; x_wconf 68' lang='lat'><strong>⁹)</strong></span> <span class='ocrx_word' id='word_1_235' title='bbox 401 3825 558 3877; x_wconf 78' lang='lat' dir='ltr'><strong>Pausanias</strong></span> <span class='ocrx_word' id='word_1_236' title='bbox 577 3826 592 3875; x_wconf 95' lang='lat' dir='ltr'>I</span> <span class='ocrx_word' id='word_1_237' title='bbox 613 3828 654 3891; x_wconf 87' lang='grc'><strong>18,</strong></span> <span class='ocrx_word' id='word_1_238' title='bbox 674 3827 690 3873; x_wconf 86' lang='grc'><strong>9</strong></span> <span class='ocrx_word' id='word_1_239' title='bbox 710 3826 744 3876; x_wconf 88' lang='lat' dir='ltr'><strong>ed</strong></span> <span class='ocrx_word' id='word_1_240' title='bbox 762 3824 1018 3890; x_wconf 81' lang='lat' dir='ltr'><strong>Hltzig·Blttmnor.</strong></span> 
     </span>
    </p>

    <p class='ocr_par' dir='ltr' id='par_1_8' title="bbox 270 3911 1445 4157">
     <span class='ocr_line' id='line_1_33' title="bbox 361 3911 1445 3981; baseline -0.004 -16"><span class='ocrx_word' id='word_1_241' title='bbox 361 3915 382 3981; x_wconf 85' lang='lat'><strong>⁸)</strong></span> <span class='ocrx_word' id='word_1_242' title='bbox 402 3914 431 3968; x_wconf 82' lang='lat'><strong>0.</strong></span> <span class='ocrx_word' id='word_1_243' title='bbox 446 3914 643 3979; x_wconf 86' lang='lat' dir='ltr'><strong>Wachsmuth,</strong></span> <span class='ocrx_word' id='word_1_244' title='bbox 656 3913 710 3965; x_wconf 83' lang='lat' dir='ltr'><strong>Die</strong></span> <span class='ocrx_word' id='word_1_245' title='bbox 723 3914 805 3965; x_wconf 82' lang='lat' dir='ltr'><strong>Stadt</strong></span> <span class='ocrx_word' id='word_1_246' title='bbox 814 3914 910 3965; x_wconf 86' lang='lat' dir='ltr'><strong>Athen</strong></span> <span class='ocrx_word' id='word_1_247' title='bbox 922 3913 961 3964; x_wconf 91' lang='lat' dir='ltr'><strong>im</strong></span> <span class='ocrx_word' id='word_1_248' title='bbox 969 3913 1112 3964; x_wconf 87' lang='lat' dir='ltr'><strong>Altertum</strong></span> <span class='ocrx_word' id='word_1_249' title='bbox 1125 3913 1140 3962; x_wconf 91' lang='lat'>1</span> <span class='ocrx_word' id='word_1_250' title='bbox 1154 3913 1224 3964; x_wconf 86' lang='grc'><strong>1874</strong></span> <span class='ocrx_word' id='word_1_251' title='bbox 1236 3929 1263 3978; x_wconf 92' lang='lat' dir='ltr'><strong>p.</strong></span> <span class='ocrx_word' id='word_1_252' title='bbox 1273 3911 1326 3962; x_wconf 83' lang='lat'><strong>692</strong></span> <span class='ocrx_word' id='word_1_253' title='bbox 1342 3912 1404 3964; x_wconf 88' lang='lat' dir='ltr'><strong>adu.</strong></span> <span class='ocrx_word' id='word_1_254' title='bbox 1421 3913 1445 3961; x_wconf 92' lang='lat'><strong>1.</strong></span> 
     </span>
     <span class='ocr_line' id='line_1_34' title="bbox 270 3999 1444 4068; baseline -0.003 -14"><span class='ocrx_word' id='word_1_255' title='bbox 270 4004 317 4054; x_wconf 90' lang='lat' dir='ltr'><strong>W.</strong></span> <span class='ocrx_word' id='word_1_256' title='bbox 331 4004 445 4068; x_wconf 90' lang='lat' dir='ltr'><strong>Weber,</strong></span> <span class='ocrx_word' id='word_1_257' title='bbox 464 4003 724 4068; x_wconf 84' lang='lat' dir='ltr'><strong>Uutersuchungen</strong></span> <span class='ocrx_word' id='word_1_258' title='bbox 742 4019 793 4053; x_wconf 82' lang='lat' dir='ltr'><strong>zur</strong></span> <span class='ocrx_word' id='word_1_259' title='bbox 812 4002 981 4054; x_wconf 81' lang='lat' dir='ltr'><strong>Geschichte</strong></span> <span class='ocrx_word' id='word_1_260' title='bbox 1000 4002 1048 4053; x_wconf 88' lang='lat' dir='ltr'><strong>des</strong></span> <span class='ocrx_word' id='word_1_261' title='bbox 1067 4001 1182 4053; x_wconf 83' lang='lat' dir='ltr'><strong>Knisers</strong></span> <span class='ocrx_word' id='word_1_262' title='bbox 1195 3999 1355 4054; x_wconf 85' lang='lat' dir='ltr'><strong>Hadrianus</strong></span> <span class='ocrx_word' id='word_1_263' title='bbox 1376 4000 1444 4051; x_wconf 86' lang='grc'><strong>1907</strong></span> 
     </span>
     <span class='ocr_line' id='line_1_35' title="bbox 271 4093 380 4157; baseline 0.028 -15"><span class='ocrx_word' id='word_1_264' title='bbox 271 4109 298 4157; x_wconf 91' lang='lat' dir='ltr'><strong>p.</strong></span> <span class='ocrx_word' id='word_1_265' title='bbox 318 4093 380 4145; x_wconf 76' lang='lat'><strong>274.</strong></span> 
     </span>
    </p>

    <p class='ocr_par' dir='ltr' id='par_1_9' title="bbox 270 4178 1446 4338">
     <span class='ocr_line' id='line_1_36' title="bbox 362 4178 1446 4254; baseline -0.007 -19"><span class='ocrx_word' id='word_1_266' title='bbox 362 4178 384 4248; x_wconf 69' lang='grc'><strong>4)</strong></span> <span class='ocrx_word' id='word_1_267' title='bbox 404 4183 548 4254; x_wconf 69' lang='grc' dir='ltr'><strong><em>Πρακτικά</em></strong></span> <span class='ocrx_word' id='word_1_268' title='bbox 574 4187 621 4252; x_wconf 77' lang='grc' dir='ltr'><strong>τῆς</strong></span> <span class='ocrx_word' id='word_1_269' title='bbox 648 4180 859 4253; x_wconf 73' lang='grc' dir='ltr'><strong><em>α’ρχαιολογικῆς</em></strong></span> <span class='ocrx_word' id='word_1_270' title='bbox 885 4179 1006 4253; x_wconf 79' lang='grc' dir='ltr'><strong><em>ἑταιρίας</em></strong></span> <span class='ocrx_word' id='word_1_271' title='bbox 1033 4179 1101 4230; x_wconf 82' lang='grc'><strong>1885</strong></span> <span class='ocrx_word' id='word_1_272' title='bbox 1126 4181 1183 4232; x_wconf 87' lang='lat' dir='ltr'><strong>tab.</strong></span> <span class='ocrx_word' id='word_1_273' title='bbox 1210 4179 1234 4244; x_wconf 87' lang='lat'><strong>1,</strong></span> <span class='ocrx_word' id='word_1_274' title='bbox 1263 4179 1312 4232; x_wconf 81' lang='lat' dir='ltr'><strong>cfr.</strong></span> <span class='ocrx_word' id='word_1_275' title='bbox 1331 4178 1378 4230; x_wconf 87' lang='lat' dir='ltr'><strong>W.</strong></span> <span class='ocrx_word' id='word_1_276' title='bbox 1397 4178 1446 4228; x_wconf 90' lang='lat' dir='ltr'><strong>Iu·</strong></span> 
     </span>
     <span class='ocr_line' id='line_1_37' title="bbox 270 4269 1098 4338; baseline -0.001 -18"><span class='ocrx_word' id='word_1_277' title='bbox 270 4269 413 4322; x_wconf 89' lang='lat' dir='ltr'><strong>deichium</strong></span> <span class='ocrx_word' id='word_1_278' title='bbox 431 4271 628 4338; x_wconf 80' lang='lat' dir='ltr'><strong>Topographie</strong></span> <span class='ocrx_word' id='word_1_279' title='bbox 646 4287 704 4323; x_wconf 85' lang='lat' dir='ltr'><strong>von</strong></span> <span class='ocrx_word' id='word_1_280' title='bbox 722 4269 816 4323; x_wconf 86' lang='lat' dir='ltr'><strong>Athen</strong></span> <span class='ocrx_word' id='word_1_281' title='bbox 836 4270 904 4319; x_wconf 84' lang='grc'><strong>1905</strong></span> <span class='ocrx_word' id='word_1_282' title='bbox 923 4285 950 4336; x_wconf 89' lang='lat' dir='ltr'><strong>p.</strong></span> <span class='ocrx_word' id='word_1_283' title='bbox 969 4269 1022 4320; x_wconf 81' lang='grc'><strong>384</strong></span> <span class='ocrx_word' id='word_1_284' title='bbox 1037 4285 1098 4335; x_wconf 85' lang='lat' dir='ltr'><strong>sqq.</strong></span> 
     </span>
    </p>

    <p class='ocr_par' dir='ltr' id='par_1_10' title="bbox 361 4357 1446 4430">
     <span class='ocr_line' id='line_1_38' title="bbox 361 4357 1446 4430; baseline -0.005 -18"><span class='ocrx_word' id='word_1_285' title='bbox 361 4362 382 4430; x_wconf 68' lang='grc' dir='ltr'><strong>ὖ)</strong></span> <span class='ocrx_word' id='word_1_286' title='bbox 403 4360 459 4414; x_wconf 82' lang='lat' dir='ltr'><strong>cfr.</strong></span> <span class='ocrx_word' id='word_1_287' title='bbox 475 4361 504 4412; x_wconf 83' lang='grc'><strong>0.</strong></span> <span class='ocrx_word' id='word_1_288' title='bbox 520 4361 708 4413; x_wconf 88' lang='lat' dir='ltr'><strong>Wuchsmuth</strong></span> <span class='ocrx_word' id='word_1_289' title='bbox 726 4358 800 4426; x_wconf 78' lang='lat' dir='ltr'><strong>apud</strong></span> <span class='ocrx_word' id='word_1_290' title='bbox 817 4358 978 4422; x_wconf 67' lang='lat' dir='ltr'><strong>Pauly-W„</strong></span> <span class='ocrx_word' id='word_1_291' title='bbox 998 4359 1089 4425; x_wconf 90' lang='lat' dir='ltr'><strong>suppl.</strong></span> <span class='ocrx_word' id='word_1_292' title='bbox 1104 4359 1120 4408; x_wconf 95' lang='lat' dir='ltr'>I</span> <span class='ocrx_word' id='word_1_293' title='bbox 1134 4357 1202 4408; x_wconf 85' lang='lat'>1903</span> <span class='ocrx_word' id='word_1_294' title='bbox 1216 4373 1242 4424; x_wconf 87' lang='lat' dir='ltr'><strong>p.</strong></span> <span class='ocrx_word' id='word_1_295' title='bbox 1261 4358 1320 4423; x_wconf 88' lang='grc'><strong>187,</strong></span> <span class='ocrx_word' id='word_1_296' title='bbox 1340 4357 1373 4408; x_wconf 80' lang='grc'><strong>92</strong></span> <span class='ocrx_word' id='word_1_297' title='bbox 1384 4373 1446 4422; x_wconf 87' lang='lat' dir='ltr'><strong>sqq.</strong></span> 
     </span>
    </p>
   </div>
   <div class='ocr_carea' id='block_1_4' title="bbox 0 0 1706 5066">
    <p class='ocr_par' dir='ltr' id='par_1_11' title="bbox 0 0 1706 5066">
     <span class='ocr_line' id='line_1_39' title="bbox 0 0 1706 5066; baseline 0 0"><span class='ocrx_word' id='word_1_298' title='bbox 0 0 1706 5066; x_wconf 95' lang='lat' dir='ltr'><strong> </strong></span> 
     </span>
    </p>
   </div>
  </div>
 </body>
</html>
