3402 5066
723 435 942 500 -69,

244 611 379 676 Romam
405 611 662 690 proficisceretur
671 611 705 697 1).
751 613 833 678 Num
855 613 1033 679 atticistam
1057 615 1167 678 asiano
1190 615 1298 680 ludum
1315 599 1421 678 trans·

246 713 362 779 tulisse
386 715 504 796 putas?
550 715 678 782 Deinde
701 714 888 781 Hadrianus
904 716 1068 782 Pollucem
1093 718 1193 782 habet
1216 717 1419 801 discipulum,

243 821 302 899 qui
334 822 386 886 cui
415 823 557 888 sermoni
589 821 778 900 εὐγλωττίας
809 823 937 889 laudem
968 822 1162 905 tribuerit-¹),
1195 842 1255 902 quo
1287 825 1421 890 consilio

243 928 466 993 ouonrosticon
491 929 668 1010 scripserit,
694 931 774 994 satis
792 935 926 995 constat.
959 927 1079 1010 Quodsi
1101 929 1286 996 Hadrianus
1310 933 1422 996 rhetor

244 1034 378 1100 asianus
395 1035 598 1116 fuissetque
617 1053 652 1100 re
671 1035 819 1116 intellegi
836 1045 870 1101 et
886 1037 1033 1101 excusari
1053 1042 1171 1118 posset,
1191 1035 1272 1115 quod
1290 1038 1421 1103 asianus

244 1151 280 1206 et
311 1142 475 1206 atticistae
507 1142 684 1220 discipulus
715 1148 749 1209 et
777 1142 933 1223 magister
962 1143 1125 1213 atticistae
1156 1142 1295 1207 fuisset?
1340 1144 1421 1208 Rern

245 1267 325 1312 sane
351 1246 531 1313 mirificam!

336 1373 520 1438 Hadrianus
545 1377 739 1439 autemnon
764 1373 866 1438 solum
884 1373 1045 1444 Pollucem
1070 1375 1235 1455 instruxit,
1260 1374 1318 1439 sed
1335 1375 1422 1440 inter

245 1497 303 1544 eos
327 1480 490 1559 sophistas
514 1486 711 1561 numeratur,
737 1481 792 1558 qui
809 1498 932 1544 sumnia
949 1480 1142 1545 auctoritate
1161 1481 1320 1546 florebant
1335 1481 1423 1546 inter

245 1586 484 1667 adulescentes
517 1587 570 1664 qui
609 1586 673 1650 illis
707 1586 905 1665 temporibus
938 1585 1116 1651 studiorum
1149 1605 1246 1651 causa
1282 1588 1421 1652 Athenis

245 1692 435 1756 commorati
458 1704 534 1757 sunt
558 1690 609 1774 (V.
634 1691 664 1757 S.
681 1692 714 1756 ll
740 1690 791 1773 10,
817 1690 859 1774 4),
907 1692 1017 1771 Neque
1041 1701 1149 1757 tamen
1174 1693 1321 1758 omnihus
1345 1712 1421 1758 con-

245 1799 331 1878 tigit,
356 1807 391 1863 ut
415 1799 456 1862 ad
480 1799 615 1864 eandem
639 1798 828 1864 facultatem
844 1799 1046 1863 atticissandi
1069 1801 1287 1878 pervenirent.
1313 1819 1421 1878 quam·

247 1923 341 1984 quam
366 1905 496 1984 assequi
519 1905 699 1970 voluerunt.
739 1905 917 1971 Voluerunt
940 1907 1060 1970 imitari
1077 1913 1223 1971 veterum
1240 1924 1422 1972 sermonem

246 2013 417 2077 voluerunt
449 2012 558 2077 Attice
589 2012 684 2091 loqui.
747 2013 995 2093 Propositumne
1028 2013 1170 2078 assecuti
1206 2014 1272 2077 sint
1308 2033 1421 2095 necne,

243 2121 310 2183 alia
333 2119 479 2198 quaestio
504 2127 570 2199 est;
600 2118 788 2199 despexisse
818 2138 873 2185 eos
903 2138 1083 2185 sermonem
1112 2121 1326 2186 recentiorem
1350 2139 1422 2185 con·

242 2233 318 2289 stat.
367 2225 448 2289 Nam
477 2243 606 2306 semper
636 2226 720 2306 apud
744 2226 907 2291 atticistas
936 2227 1076 2291 discerni
1099 2245 1234 2292 necesse
1263 2235 1314 2292 est
1335 2228 1422 2292 inter·

141 2327 144 2332 ’
244 2333 403 2397 rationem
435 2333 638 2397 atticissandi
671 2339 705 2398 et
739 2329 878 2415 usum8),
910 2334 1104 2413 praesertim
1137 2351 1209 2396 eum
1243 2333 1327 2412 quod
1358 2334 1421 2397 sibi

246 2447 483 2519 proposuerant
506 2444 572 2503 tam
597 2439 729 2504 difficile
754 2447 851 2522 esset,
875 2447 913 2505 ut
936 2441 1065 2519 assequi
1088 2457 1182 2505 nemo
1206 2439 1356 2522 posset4).

337 2563 449 2643 Neque
468 2565 564 2646 enim,
589 2583 657 2630 oum
677 2570 780 2629 artem
797 2565 1037 2646 compositionis
1053 2565 1150 2644 plane
1173 2564 1306 2646 neglegi
1328 2556 1422 2628 nefas

243 2680 335 2737 esset
358 2671 408 2752 (V.
434 2670 464 2736 S.
489 2671 522 2735 ll
547 2672 576 2752 1,
603 2669 669 2754 28),
695 2672 837 2752 poeticos
864 2671 1008 2737 modulos
1033 2671 1172 2736 sermoni
1196 2670 1341 2750 pedestri
1364 2655 1422 2734 imss

246 2778 375 2843 misceri
391 2771 641 2863 patiebantur·⁶)‚
667 2779 720 2857 qui
738 2778 859 2844 asianis
876 2779 1064 2843 tribuuntur
1072 2776 1111 2860 6);
1127 2785 1236 2842 tamen
1257 2777 1421 2858 sophistas

243 2885 369 2950 saeculi
396 2885 562 2966 ingenium
592 2903 688 2966 saepe
718 2891 845 2952 secutos
875 2903 948 2950 esse
976 2885 1182 2950 manifestum
1207 2889 1257 2949 est
1266 2883 1298 2966 ⁷),
1329 2903 1422 2964 prae.-

242 2991 360 3057 sertim
384 3009 455 3056 cum
480 3010 540 3070 quo
564 2992 757 3057 eruditiores
781 3010 854 3057 esse
878 2991 1076 3073 viderentur,
1102 3009 1119 3056 e
1142 2998 1288 3070 tempore
1312 2988 1428 3060 dicero„

241 3097 417 3164 studerent
440 3097 489 3174 (V.
507 3097 537 3164 S.
554 3098 588 3162 ΙΙ
612 3096 642 3180 9,
669 3097 710 3183 7).
756 3098 885 3165 Deinde
909 3099 1055 3180 contigit,
1080 3102 1116 3162 ut
1139 3097 1169 3162 ei
1186 3095 1316 3178 moduli,
1341 3097 1435 3174 quos‘'

231 3204 414 3294 sophistae
447 3205 496 3269 illi
525 3212 633 3272 castos
667 3224 740 3272 esse
773 3207 960 3282 censebant,
994 3205 1087 3271 nobis
1118 3205 1221 3286 inepti
1254 3208 1288 3268 et
1318 3202 1422 3267 asiani

242 3329 319 3377 esse
361 3310 541 3376 videantur.
598 3313 680 3376 Nam
719 3312 881 3392 Apollonii
922 3311 1134 3377 Atheniensis
1184 3312 1294 3392 verbo,
1339 3327 1422 3389 quae

337 3561 359 3627 1)
378 3560 479 3612 Suides
498 3577 525 3627 p.
544 3560 597 3610 484
616 3577 633 3610 a.
651 3561 769 3612 Bekker.

336 3649 358 3715 ἱ)
377 3649 443 3701 Non
459 3649 540 3716 parvi
553 3648 687 3700 momenti
701 3656 752 3714 est,
772 3649 945 3715 quodetiam
958 3649 1096 3700 Hadriani
1108 3647 1237 3714 magistri
1251 3647 1422 3718 tsa'ylraruo'

244 3739 377 3789 laudatur
394 3739 427 3791 V.
447 3739 475 3789 S.
494 3737 522 3790 II
542 3739 584 3803 10,
603 3739 628 3790 5.

338 3826 359 3895 3)
380 3828 443 3890 Qua
462 3827 539 3878 inre
560 3834 635 3878 errat
653 3827 821 3892 Bernhardy
842 3827 963 3882 Grundr.
984 3826 1009 3878 d.
1029 3827 1134 3892 griech.
1154 3823 1422 3890 Literaturgesch.l

244 3935 272 3984 p.
291 3917 359 3984 6035
380 3917 442 3970 ossn.

204 4015 207 4021 '
335 4006 356 4073 ⁴)
377 4005 497 4071 Schmid,
525 4007 599 4058 Berl.
628 4005 702 4057 Phil.
722 4006 821 4057 Wooh.
847 4006 917 4056 laea
940 4021 966 4072 p.
994 4005 1045 4055 232
1069 4003 1116 4055 fin.
1143 4001 1342 4067 Wilemowitz,
1367 4001 1421 4052 Die

242 4095 349 4161 griech.
369 4096 424 4147 Lit.
443 4113 470 4162 p.
491 4097 550 4147 146.

335 4186 355 4250 ⁶)
375 4186 408 4238 V.
428 4184 455 4236 S.
477 4185 509 4236 11
528 4185 571 4249 20,
590 4185 606 4236 3
625 4185 657 4236 11
675 4185 718 4250 28,
737 4183 924 4235 Wilamowitz
943 4183 1062 4234 Hermes
1080 4181 1191 4234 XXXV
1209 4197 1236 4246 p.
1256 4181 1290 4231 32
1310 4196 1370 4245 sqq.

333 4274 355 4338 ⁶)
374 4275 472 4325 Theon
491 4289 571 4341 prog.
591 4290 617 4339 p.
638 4274 679 4327 71.
700 4274 734 4324 10
753 4273 799 4339 Sp.

338 4361 362 4430 ⁷)
381 4363 501 4429 Thumb,
514 4362 567 4414 Die
586 4362 689 4428 grieoh.
704 4363 826 4429 Sprache
838 4360 876 4413 im
890 4360 1001 4412 Zeitalt.
1021 4359 1047 4410 d.
1059 4357 1223 4410 Hellenism.
1239 4357 1306 4408 1901
1320 4374 1347 4424 p.
1362 4355 1422 4407 184.
