3402 5066
727 455 924 519 ,5-

328 636 440 714 h'oqne
475 637 582 700 tamen
615 631 838 716 Athenaeus¹)
871 653 977 715 neque
1007 635 1122 703 Pollux
1161 633 1270 698 horum
1311 633 1411 699 libros

229 745 306 824 ipso
330 741 421 822 adiit,
446 739 505 807 sed
521 737 607 821 apud
623 738 827 820 Pamphilum
851 759 962 808 eorum
985 741 1132 809 thesauri
1148 740 1294 822 congesti
1318 747 1412 805 orant

230 849 421 914 auctoribus
449 844 599 911 laudatis.
646 845 738 927 Quod
766 846 970 930 intellegitur
999 867 1040 916 ex
1067 835 1186 913 Athon.
1214 846 1276 912 XV
1306 845 1412 912 6776.

232 955 405 1037 Θεόδωρος
420 947 454 1014 δ’
471 946 507 1013 ἐν
522 958 593 1022 ταῖς
608 947 768 1022 Ἀττικαῖς
787 957 925 1035 Φωναῖς,
950 947 991 1025 ὥς
1005 971 1084 1038 φησι
1101 948 1273 1035 Πάμφιλος
1293 947 1328 1014 ἐν
1345 959 1411 1023 τοῖς

232 1062 311 1142 περὶ
335 1055 537 1141 Ὀνομάτων,
572 1056 695 1144 πλοκῆς
728 1054 896 1141 στεφάνων
923 1064 1013 1140 γένος
1040 1083 1073 1123 τι
1100 1057 1159 1146 τὴν
1188 1057 1410 1138 ὑπογλωττίδα

230 1163 443 1249 ἀποδίδωσιν,
475 1184 610 1246 quocum
641 1165 837 1231 conterenda
869 1172 921 1234 est
948 1168 1091 1234 Pollucis
1120 1167 1292 1248 explicatio
1322 1166 1409 1232 vocis

232 1275 320 1340 illius
348 1273 531 1340 aPlatone
559 1272 679 1338 comico
703 1271 868 1339 adhibitae
892 1274 926 1339 H
951 1271 1015 1338 108
1043 1273 1097 1336 καὶ
1121 1272 1318 1351 ὑπογλωττὶς
1342 1291 1410 1334 σιε-

228 1376 339 1462 panno
367 1402 399 1442 τι
427 1369 519 1449 εἶδος.
565 1378 681 1458 Itaque
708 1379 886 1446 verisimile
915 1386 966 1448 est
996 1399 1037 1447 ex
1060 1380 1221 1462 Pamphili
1249 1379 1408 1461 imprimis

232 1487 412 1554 numerosis
447 1491 481 1552 et
511 1485 613 1566 largis
642 1485 858 1552 voluminibus
891 1487 1056 1553 Pollucem
1087 1487 1185 1553 etiam
1216 1487 1407 1552 comicorum

229 1611 312 1674 quos
335 1592 448 1658 laudat
469 1610 567 1658 voces
590 1593 717 1658 Atticas
741 1593 898 1660 hausisse.

321 1700 434 1780 Neque
457 1717 535 1766 vero
554 1705 625 1781 cst,
657 1717 715 1764 cur
744 1699 869 1766 Polluci
897 1698 1082 1766 diffidamus
1110 1717 1146 1765 se
1170 1716 1212 1765 ex
1234 1698 1403 1763 multorum

230 1807 383 1872 hausisse
407 1806 500 1871 libris
524 1805 644 1871 dicenti
663 1804 709 1870 IV
726 1803 756 1888 2,
782 1805 951 1873 dnmmodo
974 1807 1034 1872 hos
1049 1806 1148 1872 libros
1164 1804 1406 1888 lexicographo·

231 1933 302 1978 rum
333 1913 443 1993 copias
476 1919 510 1978 et
541 1930 650 1979 eorum
682 1912 846 1978 volumina
878 1913 1118 1996 intellegamus,
1149 1912 1204 1993 qui
1235 1911 1276 1978 de
1306 1912 1405 1977 certis

228 2019 423 2098 quibusdam
447 2021 545 2086 rebus
561 2019 770 2100 scripserunt.
808 2019 890 2086 Nam
910 2029 1042 2101 praeter
1057 2019 1219 2101 Pamphili
1235 2020 1405 2086 thesauros

228 2126 293 2204 duo
326 2144 408 2206 quae
438 2126 532 2191 modo
563 2127 811 2192 commemoravi
829 2127 980 2200 ,fontium
1007 2145 1130 2210 genera
1158 2144 1194 2192 se
1221 2125 1405 2206 inspexisse

229 2232 344 2299 Pollux
371 2233 443 2314 ipse
466 2251 525 2298 nos
549 2232 653 2315 docet,
683 2251 755 2297 cum
779 2232 829 2297 IX
854 2236 871 2296 1
897 2232 1040 2316 Gorgiae
1063 2232 1302 2314 Onomasticon,
1326 2231 1360 2296 X
1384 2232 1401 2295 1

227 2339 458 2405 Eratosthenis
488 2342 748 2422 Σκεοογροφικόν
780 2339 900 2405 adiisse
931 2358 967 2406 se
1000 2339 1088 2404 dicit.
1129 2339 1229 2423 ,Quae
1258 2357 1329 2404 cum
1357 2339 1404 2403 ita

226 2447 304 2522 sint,
325 2445 543 2527 Epaphroditi
565 2445 669 2512 lexico
693 2451 823 2528 praeter
846 2445 1008 2528 Pamphili
1031 2465 1124 2512 usum
1147 2464 1221 2512 esse
1237 2445 1403 2511 Pollucem

226 2554 343 2618 mirum
370 2571 435 2618 non
459 2558 522 2629 est,
551 2552 636 2632 quod
659 2560 797 2634 apparet
820 2572 861 2620 ex
883 2553 964 2620 Poll.
987 2553 1007 2618 l.
1030 2552 1113 2618 VIII
1136 2551 1178 2617 16
1207 2571 1279 2619 cum
1303 2552 1401 2618 schol.

225 2661 261 2725 in
284 2659 366 2740 Elqu.
391 2656 479 2723 1150
500 2667 534 2726 et
556 2660 590 2724 in
616 2659 714 2741 Vesp.
738 2657 803 2723 332
827 2661 944 2728 collato
968 2658 1144 2744 (χοιρίναι).

316 2836 380 2904 Sed
404 2855 475 2903 cum
498 2856 562 2903 non
586 2838 688 2903 solum
711 2839 845 2922 veteris,
870 2839 927 2906 sed
951 2839 1050 2906 etiam
1072 2838 1198 2906 mediae
1221 2839 1275 2906 vel
1297 2856 1401 2906 novae

225 2944 410 3011 comoediae
438 2949 588 3012 auctores
611 2945 727 3011 Pollux
749 2945 871 3028 laudet,
901 2964 1073 3026 quamnam
1095 2945 1254 3012 rationem
1277 2946 1310 3011 in
1333 2945 1400 3011 illis

225 3051 410 3118 auctoribus
439 3051 579 3118 citandis
607 3059 737 3119 secutus
769 3053 813 3118 sit
840 3071 1036 3136 cognoscere
1067 3070 1265 3136 magnopere
1287 3056 1399 3118 nostra

226 3158 373 3224 interest.
420 3158 522 3242 Quam
550 3160 709 3225 rationem
738 3179 779 3227 ex
801 3161 853 3226 his
877 3160 1037 3227 Pollucois
1059 3160 1138 3226 locis
1162 3159 1398 3243 intellegimus:

225 3265 243 3329 Ι
267 3263 308 3328 79
332 3267 395 3325 τῶν
419 3263 453 3327 δὲ
477 3261 587 3328 οἰκιῶν
611 3266 775 3349 πρόδομος
802 3271 857 3328 καὶ
880 3267 971 3346 δῶμα
995 3266 1050 3329 καὶ
1072 3262 1234 3345 δωμάτιον
1258 3266 1311 3328 καὶ
1335 3287 1399 3328 κοι-

225 3372 302 3431 τών·
327 3367 359 3432 εἰ
379 3369 439 3455 γάρ
455 3371 509 3433 καὶ
526 3372 716 3455 Μένανδρος
734 3373 812 3435 αὐτὸ
828 3373 1021 3457 βαρβαρικὸν
1038 3369 1149 3455 οἴεται,
1175 3367 1244 3434 ἀλλ’
1260 3367 1398 3455 Ἀριστο·

224 3472 330 3562 φάνης
371 3479 388 3539 δ
427 3474 749 3562 κωμῳδοδιδάσκαλος
785 3478 826 3542 τὰ
864 3477 1030 3560 τοιαῦταῖ)
1062 3482 1252 3562 πιστότερος
1287 3480 1396 3562 αὐτοῦ,

225 3579 329 3646 εἰπὼν
353 3580 387 3646 ἕν
411 3582 634 3648 Αἰολοσίκωνι·
657 3587 781 3648 Κοιτὼν
805 3580 948 3656 ἁπάσαις
971 3574 1026 3670 εἷς,
1051 3584 1171 3656 πύελος
1192 3579 1246 3664 μί’
1262 3583 1397 3668 ἀρκέσει.

318 3760 338 3825 1)
357 3761 384 3812 J.
409 3761 605 3812 Schhnemann
633 3761 667 3813 de
694 3761 900 3829 lexicographis
929 3761 1052 3828 antiquis
1080 3761 1129 3828 qui
1155 3776 1249 3813 rerum
1272 3761 1397 3812 ordinem

225 3849 316 3902 secuti
335 3857 402 3900 sunt
421 3850 602 3915 quaestiones
620 3851 832 3917 praecursoriae
853 3852 922 3902 1886
941 3867 967 3918 p.
988 3852 1089 3918 itlsqq.

314 3938 334 4007 ²)
357 3940 391 3989 In
418 3939 481 4006 ipsa
508 3939 698 3992 architectura
720 3940 809 4006 igitur
832 3941 1001 3993 vetustiores
1027 3941 1148 3993 comicos
1176 3957 1206 3994 se
1234 3947 1396 3993 secuturum

223 4043 285 4079 esse
302 4028 482 4094 pronuntiem
502 4028 598 4096 itaque
617 4029 646 4080 iu
664 4030 682 4079 l.
701 4028 759 4081 VII
775 4030 914 4081 nur-125
933 4031 1039 4083 multae
1057 4046 1141 4082 voces
1160 4046 1195 4082 ox
1207 4030 1396 4096 Aristophane

223 4124 352 4184 sumptae
371 4125 446 4184 sunt,
466 4119 544 4169 velut
562 4119 618 4172 VII
639 4119 689 4169 119
710 4116 851 4191 ἐρέψομεν
863 4115 931 4190 πρὸς
950 4115 1033 4173 αἰετόν
1051 4136 1086 4171 ex
1102 4120 1155 4172 Av.
1170 4121 1221 4170 110
1239 4119 1276 4186 (v.
1290 4119 1396 4185 schol),

222 4206 403 4278 ἄποτειχίζεω
422 4224 457 4259 ex
475 4208 528 4259 Av.
543 4209 621 4273 1576,
640 4214 839 4281 προμαχεῶνας
859 4205 983 4269 ἐπάλξεις
1001 4225 1036 4260 ex
1047 4209 1170 4260 Acheru.
1183 4208 1216 4257 ta
1235 4208 1271 4274 (v.
1286 4208 1394 4276 schol),

223 4296 273 4346 121
300 4298 348 4362 (=
365 4297 440 4350 VIII
459 4292 522 4364 124)
547 4298 683 4368 κιγκλίδες
707 4313 741 4349 ex
766 4297 836 4364 Equ.
856 4298 906 4348 641
927 4297 963 4365 (v.
984 4298 1093 4366 schol),
1118 4297 1168 4348 123
1194 4298 1343 4370 θεμελίους
1362 4313 1395 4348 cx

221 4385 274 4436 Av.
297 4387 373 4452 1137,
401 4383 535 4452 κατάλιφ’
556 4383 715 4460 δμεσόδμη
735 4402 769 4438 ex
788 4387 858 4440 Ran.
878 4387 930 4438 566
955 4388 992 4454 (v.
1017 4387 1124 4454 schol),
1157 4387 1205 4437 124
1221 4383 1333 4457 χάλικες
1361 4402 1395 4438 ex
