3402 5066
720 429 938 515 ..552

403 627 456 709 49,
482 625 501 688 2
526 623 652 707 ἑώροκά
676 647 711 688 σε

403 731 456 816 50,
482 732 524 797 14
546 754 583 796 τε
606 735 666 800 um.

404 840 457 922 51,
482 841 502 906 5
526 837 585 902 τοῦ
610 843 710 903 αὐτοῦ
737 861 797 906 om.

333 967 403 1050 Quo
426 965 473 1048 fit,
497 967 577 1031 utB
603 971 636 1031 et
657 985 676 1030 a
700 984 740 1030 ex
764 985 826 1062 unc
851 968 1036 1049 archetype,
1063 988 1157 1048 quern
1181 989 1202 1034 x
1226 971 1417 1054 significavi,

241 1095 302 1156 per
326 1091 361 1139 se
385 1073 530 1154 singulos
555 1073 719 1139 derivatos
744 1091 816 1138 esse
840 1074 1093 1140 concludendum
1117 1077 1167 1142 sit.
1262 1079 1266 1086 '

827 1219 847 1262 X

778 1293 831 1440 B!
840 1291 886 1441 Ne

247 1501 382 1583 Semper
412 1501 481 1566 iere
506 1501 532 1564 B
556 1499 791 1581 praeferendus
825 1508 876 1566 est
904 1501 1004 1566 codici
1030 1521 1058 1582 a,
1083 1503 1146 1566 uisi
1176 1505 1258 1581 quod
1287 1523 1306 1567 a
1330 1503 1420 1586 δίκην

246 1628 303 1689 pro
327 1610 420 1691 νίκην
443 1607 496 1689 47,
522 1607 541 1669 2
566 1607 637 1673 sine
661 1607 758 1671 dubio
782 1625 822 1672 ex
845 1611 999 1692 τοιαύτην
1022 1608 1113 1692 δίκην
1136 1607 1189 1690 46,
1215 1610 1256 1672 19
1280 1611 1420 1676 fortasse

246 1721 335 1782 recte
363 1715 515 1787 coniecit,
550 1714 681 1778 titulum
714 1707 885 1796 Ἀδριανοῦ
914 1721 971 1775 τοῦ
1008 1714 1139 1801 ῥήτορος
1166 1714 1300 1793 μελέται
1336 1715 1420 1786 τινὲς

245 1821 300 1904 44,
325 1821 345 1882 4
368 1821 523 1902 servavit,
549 1814 718 1881 ἐλαύνουσι
740 1822 872 1881 ντσαίων
895 1818 948 1901 50,
978 1820 998 1881 4
1022 1841 1079 1900 pro
1109 1815 1298 1884 ἐλαύνουσιν
1321 1826 1420 1884 σαίων

246 1929 388 2008 exhibet,
412 1935 524 1992 contra
547 1927 575 1991 B
601 1921 786 2010 ἐπέτρεψεν
810 1925 863 2008 48,
883 1926 900 1987 7
928 1946 983 2006 pru
999 1921 1194 2012 ἐπέτρεψεν
1219 1938 1252 1995 et
1276 1924 1342 1992 ἐστι
1362 1949 1420 2010 pro

128 2068 134 2079 ι
247 2029 334 2095 ἐστιν
356 2052 420 2099 nun
443 2040 533 2099 recte
557 2033 677 2098 scribit.

334 2247 403 2312 Iam
435 2247 655 2313 intelleximus
687 2246 891 2311 Meibourium
928 2264 1131 2326 nequaquam
1168 2248 1279 2314 ecdem
1311 2250 1421 2316 codice

245 2373 339 2419 usum
370 2372 443 2421 esse
472 2353 709 2434 cucullatus,
739 2352 823 2432 quod
851 2353 897 2417 itu
928 2371 963 2417 se
986 2353 1108 2418 habere
1133 2354 1213 2419 Geel
1236 2356 1256 2419 l.
1280 2355 1299 2417 l.
1323 2373 1352 2434 p.
1378 2352 1421 2415 24

246 2461 333 2533 dicit,
367 2460 425 2536 sed
456 2461 565 2526 iacere
597 2478 666 2525 cunr
692 2461 721 2523 A
745 2464 858 2523 contra
886 2459 1085 2538 corruptelas
1115 2460 1260 2524 codicum
1283 2460 1310 2524 B
1336 2465 1369 2525 et
1392 2479 1421 2524 a.

246 2569 422 2633 Praeterea
445 2569 474 2631 A
499 2572 532 2632 et
555 2567 589 2630 Μ
613 2566 821 2631 consentiunt
845 2572 955 2630 contra
980 2571 1106 2631 ceteros
1131 2566 1257 2630 codices
1329 2575 1331 2580 '
1361 2637 1364 2641 ,

405 2675 459 2756 49,
484 2671 526 2734 24
549 2671 584 2734 δὲ

407 2779 459 2862 52,
484 2777 504 2840 8
527 2773 637 2866 ἵν’ἔχῃ

407 2885 460 2968 53,
486 2885 506 2946 4
529 2881 654 2962 ccupat*

407 2993 460 3076 55,
486 2993 504 3054 1
530 2994 587 3055 οὐκ
611 2985 653 3054 ἂν

483 3091 613 3165 batere

462 3208 502 3272 11
528 3209 725 3291 προέκριναν

248 3337 441 3414 easdemque
475 3334 608 3398 lacunas
640 3336 674 3396 et
705 3334 813 3394 errata
840 3329 963 3392 habeut
992 3333 1103 3392 contra
1133 3332 1313 3392 ceterorum
1328 3326 1421 3392 'ccdi-

246 3464 318 3510 cum
341 3442 563 3523 scripturam

302 3559 305 3566 ’
407 3565 460 3648 44,
484 3566 506 3628 4
529 3564 612 3629 titul.
638 3582 697 3628 om.

406 3674 461 3754 44,
486 3671 527 3733 22
551 3668 596 3757 μὴ
620 3669 830 3751 δυνηθέντας.

336 3799 447 3879 Neque
470 3815 549 3862 vero
572 3799 602 3856 M
626 3794 793 3860 derivatus
817 3796 868 3856 est
891 3808 932 3855 ex
954 3791 985 3854 A
1008 3807 1113 3868 neque
1135 3788 1160 3852 A
1185 3807 1225 3854 ex
1249 3787 1292 3870 M,
1318 3787 1422 3852 sedA

247 3913 280 3973 et
304 3907 336 3970 M
361 3905 493 3987 gemelli
516 3911 592 3968 sunt
615 3901 709 3966 unius
734 3898 904 3979 archetypi
927 3917 967 3961 m.

336 4031 418 4095 Nem
450 4029 618 4110 quominus
650 4029 681 4091 A
704 4043 745 4091 ex
768 4025 803 4089 M
835 4024 879 4089 sit
911 4022 1062 4102 scriptus,
1094 4023 1203 4085 obstat
1229 4037 1293 4083 nou
1320 4019 1423 4084 solum

248 4139 449 4205 sacculorum
481 4137 575 4216 ratio,
609 4133 667 4200 sed
699 4132 797 4198 etiam
825 4130 961 4195 lacunae
990 4127 1110 4193 codicis
1143 4123 1262 4204 tipo,
1291 4123 1334 4188 25
1358 4123 1422 4206 καὶ,

246 4243 299 4329 50,
332 4244 374 4307 28
409 4241 536 4326 ἑαυτὸν,
572 4241 625 4324 51,
652 4238 671 4304 5
703 4245 761 4300 τοῦ
795 4238 905 4316 αὐτοῦ,
939 4233 1035 4318 5127
1062 4231 1233 4317 ἀριστείου,
1266 4228 1318 4314 55,
1344 4229 1364 4293 5
1394 4228 1424 4292 οἱ

247 4350 379 4436 omisit),
404 4371 484 4432 quas
509 4354 536 4416 A
560 4348 679 4430 explet.
