3402 5066
708 444 931 539 -13-

230 622 317 686 inter
339 622 490 702 exempla
519 622 710 686 imitationis
739 623 780 686 ab
812 622 966 687 atticistis
992 623 1179 702 quibusdam
1205 631 1408 690 numeratum

228 746 304 793 esse
343 727 523 807 sciamus¹).
585 727 674 810 Quae
713 747 785 793 cnm
824 729 871 793 ita
910 730 989 809 sint,
1029 729 1214 795 Hadrianus
1252 731 1286 794 in
1324 749 1407 796 conr·

232 834 392 914 positione
432 838 604 900 uerborum
645 854 699 900 eos
738 835 882 900 modulos
918 837 1053 918 vitabat,
1094 855 1173 916 quos
1205 845 1241 902 ut
1278 837 1407 902 asianos

232 941 395 1007 atticisiae
427 940 641 1022 repudiabant
669 942 720 1020 (V.
752 939 782 1006 S.
810 941 844 1005 ΙΙ
873 938 930 1023 20,
964 939 984 1002 3
1017 937 1211 1012 ἀκολάσνους
1239 941 1407 1028 ῥυθμούς),

227 1049 357 1112 colebat
389 1065 466 1114 vero
506 1066 561 1112 eos
590 1066 669 1127 qnos
700 1048 917 1113 Philostratus
950 1052 1225 1131 σωφρονεστέρους
1252 1050 1406 1131 appellat,

229 1154 348 1233 quibus
372 1161 501 1220 veteres
527 1173 653 1234 quoque
683 1155 859 1233 scriptores
883 1155 986 1220 Attici
1018 1155 1179 1222 orationes
1208 1156 1406 1239 ornabant‘p.

228 1260 360 1326 Vitasse
385 1261 586 1325 Hadrianum
612 1260 756 1326 modulos
781 1262 821 1324 ab
846 1262 1000 1326 atticistis
1023 1261 1210 1341 repudiatos
1234 1264 1286 1328 vel
1311 1281 1352 1328 ex
1368 1280 1406 1328 eo

226 1367 442 1446 comperimus
473 1368 558 1446 quod
591 1368 810 1432 Philostratus
843 1367 883 1432 de
907 1368 1072 1448 Antipatri
1102 1369 1282 1436 elocutione
1305 1369 1408 1434 tradit

227 1471 279 1554 (V.
311 1473 341 1538 S.
372 1473 484 1555 1124)
511 1469 658 1557 Ἀδριανῷ
686 1493 721 1535 τε
750 1473 804 1534 καὶ
834 1472 1032 1535 Πολυδεύκει
1060 1477 1221 1561 φωνήσας
1249 1473 1317 1538 ἀπὸ
1348 1485 1405 1539 τοῦ

231 1578 454 1649 Πολυδεύκους
474 1578 598 1658 μᾶλλον
613 1575 781 1664 ἥρμοσται,
806 1578 862 1649 τὰς
887 1573 988 1661 ὁρμὰς
1004 1583 1068 1641 τῶν
1088 1577 1259 1665 νοημάτων
1284 1577 1405 1643 ἐκλύων

228 1693 294 1756 τοῖς
324 1691 378 1772 τῆς
408 1683 583 1769 ἑρμηνείας
613 1687 758 1769 ῥυθμοῖς.
806 1687 968 1752 Pollucem
999 1688 1178 1752 enimcum
1204 1689 1403 1768 ipsedecla·

228 1795 387 1858 motiones
404 1794 551 1867 haberet,
569 1793 601 1856 in
619 1793 850 1873 compositione
866 1795 1035 1858 verborum
1055 1795 1202 1874 magistri
1220 1796 1403 1876 exemplum

226 1906 412 1964 assecutum
443 1917 506 1963 non
532 1917 605 1964 esse
636 1900 700 1963 iam
724 1917 821 1978 supra
852 1899 1001 1965 indicavi.
1049 1899 1249 1982 Quamquam
1272 1903 1403 1983 respici·

226 2007 345 2071 endum
370 2015 433 2087 est,
467 2007 699 2071 Philostratum
728 1995 799 2072 sine
828 2006 923 2072 dubio
951 2007 1093 2072 Pollucis
1116 2008 1195 2073 vitia
1224 2009 1256 2071 in
1285 2009 1403 2074 falsum

225 2127 357 2194 augere,
383 2115 473 2178 cuius
498 2114 545 2178 rei
569 2112 655 2177 infra
680 2130 837 2192 exponam
861 2114 1028 2179 rationem.

316 2219 367 2283 Hx
389 2221 440 2286 eis
463 2220 564 2302 igitur
588 2237 669 2298 quae
694 2218 787 2284 modo
811 2220 931 2284 contuli
960 2221 1058 2285 certis
1083 2221 1284 2302 argumentis
1308 2221 1403 2300 plane

224 2332 363 2406 apparet
385 2325 586 2391 Hadrianum
611 2327 699 2391 etin
724 2325 852 2391 delectu
876 2331 909 2391 et
932 2326 1213 2407 incompositione
1231 2330 1402 2392 verborum

228 2435 350 2498 vitasse
386 2433 570 2498 asianorum
608 2435 661 2512 qui
695 2433 845 2498 dicuntur
877 2449 1073 2513 sermonem,
1106 2433 1270 2498 rhetorem
1300 2433 1403 2500 tuisse

225 2558 290 2604 non
313 2539 469 2614 asianum,
495 2539 552 2605 sed
575 2541 760 2604 atticistam.

503 2720 533 2782 4„
560 2718 614 2783 De
638 2717 849 2783 cathedra
873 2717 1128 2798 sophistica.

314 2843 501 2908 Hadrianus
529 2842 721 2924 professoris
754 2860 886 2908 munere
909 2843 1049 2908 Athenis
1079 2842 1276 2924 fungebatur
1300 2849 1332 2908 et
1361 2845 1401 2908 ab

224 2950 296 3031 ipso
331 2949 439 3015 hlarco
473 2949 605 3015 Aureho
646 2948 834 3014 cathedram
869 2949 1080 3028 sophisticam
1116 2950 1250 3030 accepit.
1298 2948 1400 3031 Quae·

224 3057 360 3122 rendum
383 3057 486 3139 igitur
509 3065 569 3131 est,
604 3057 669 3121 utri
694 3057 779 3135 parti
804 3055 960 3122 cathedra
982 3056 1039 3121 illa
1063 3056 1225 3122 destinata
1250 3056 1303 3136 sit,
1336 3056 1399 3119 ntr'

225 3163 369 3228 laverint
391 3164 613 3244 imperatores,
639 3163 792 3228 atticistis
816 3182 858 3227 an
882 3163 1014 3229 asianis.

311 3269 465 3334 Condidit
481 3289 552 3334 earn
567 3269 764 3351 Hadrianus
789 3289 849 3349 quo
868 3277 961 3350 putas
982 3268 1140 3336 consilio?
1169 3269 1253 3334 Num
1270 3268 1399 3334 dubium

222 3395 300 3442 esso
329 3385 446 3458 potest,
478 3378 554 3457 quin
579 3377 764 3442 Hadrianus
789 3382 936 3442 veterum
968 3381 1134 3442 auctorum
1163 3379 1305 3440 sectator
1328 3375 1401 3439 atti-

222 3483 317 3548 cistis
352 3483 493 3550 laverit?
547 3484 676 3549 Marcus
714 3483 866 3549 Aurelius
899 3489 1022 3564 autern,
1054 3483 1108 3563 qui
1139 3501 1211 3548 cunr
1246 3481 1401 3549 cathedra

223 3590 379 3655 salarium
412 3591 447 3656 X
480 3591 603 3656 milium
638 3591 819 3672 coniunxit,
854 3591 926 3672 ipse
954 3607 1079 3670 quoque
1108 3588 1223 3654 studiis
1254 3593 1400 3655 veterum

221 3702 391 3762 auctorum
415 3698 545 3764 deditus
567 3695 681 3777 erat⁸).
728 3698 778 3764 De
802 3698 1066 3779 praeceptoribus
1091 3696 1161 3761 eius
1184 3695 1277 3761 nobis
1300 3694 1401 3759 tradit

224 3803 326 3869 Iulius
339 3804 584 3886 Capitolinus⁴lz
598 3806 799 3880 „oratoribus
815 3823 892 3871 usus
908 3812 959 3871 est
972 3802 1108 3871 Graecis
1121 3798 1147 3888 †
1161 3802 1266 3868 animo
1281 3801 1398 3882 Marco,

223 3947 436 3957 -—-....—.

230 4034 233 4041 ·
313 4015 557 4083 ¹)Ofr.p.18sq.

312 4105 333 4170 2)
353 4106 551 4170 Wilamowitz,
572 4107 690 4157 Hermes
710 4107 820 4158 XXXV
838 4123 864 4172 p.
885 4106 919 4155 32
939 4120 999 4171 sqq.

315 4191 338 4260 ³)
357 4194 396 4246 ΙΙ.
412 4195 539 4247 «Cornelii
566 4195 718 4247 Frontonis
747 4202 775 4247 et
798 4194 836 4247 M.
860 4193 958 4245 Aureli
980 4192 1161 4260 Imperatoris
1184 4193 1321 4259 epistulae
1343 4207 1398 4243 rec.

220 4283 251 4334 H.
271 4285 304 4335 A.
324 4284 420 4335 Nabar
439 4285 507 4335 1867
526 4301 553 4352 p.
573 4285 607 4336 38
626 4285 666 4351 (ΙΙ
686 4286 740 4352 13).
759 4286 793 4335 56
812 4285 870 4350 (ΙΙΙ
891 4283 944 4350 18).

312 4371 339 4439 ⁴¹)
356 4373 460 4440 Script.
479 4373 546 4426 hist.
566 4374 640 4440 Aug.
660 4375 693 4426 ed
713 4371 1024 4438 lordum-Eyssenhardt
1042 4373 1057 4422 1
1078 4371 1147 4422 1864
1165 4387 1190 4437 p.
1210 4371 1253 4436 44,
1274 4367 1315 4421 1¹1.
