3402 5066
765 423 988 489 -50„..

201 659 209 675 .
278 604 400 685 ltaque
431 604 581 684 equidem
617 610 803 684 excerptum
831 603 962 668 tertium
998 603 1038 666 ab
1071 601 1247 666 Iamblicho
1276 600 1462 667 abiudicure

281 711 424 792 mallem,
455 711 546 776 cuius
570 729 675 776 sermo
699 729 760 774 non
786 712 832 773 ita
855 709 977 789 pendet
999 728 1018 771 a
1041 708 1268 788 Xenophonte,
1292 709 1357 772 nisi
1379 707 1461 772 Iam-

278 817 425 883 thlichum
450 818 482 881 iu
506 818 693 881 narratione
717 817 813 881 aliter
837 815 976 880 locutum
1001 833 1074 879 esse
1098 821 1195 893 atque
1211 814 1244 878 in
1261 813 1460 880 orationibus

275 922 488 989 contradici
519 923 660 1004 possit1).
706 921 821 1002 Itaque
851 924 883 986 in
912 923 1097 986 uniuersum
1125 920 1271 986 Rohdeio
1299 920 1461 986 assentior

275 1048 465 1096 :sermonem
488 1028 659 1094 Iambliohi
683 1048 754 1094 cum
771 1029 907 1095 Aeliano
924 1027 1150 1110 Xenophontis
1166 1025 1360 1106 imitaroreb
1376 1044 1459 1092 com-

277 1136 456 1220 parentib.
1100 1133 1104 1146 ’

374 1243 488 1326 Longe
504 1250 610 1308 autem
628 1243 781 1308 abhorret
797 1260 976 1308 asermone
987 1241 1224 1322 Xenophonteo
1240 1240 1459 1322 fragmentum

274 1349 472 1432 secundum,
497 1350 580 1430 quod
598 1350 639 1415 de
662 1349 819 1415 militibus
839 1350 906 1435 agit
931 1349 971 1413 ab
988 1348 1279 1428 Amphictyonihus
1295 1347 1458 1427 stipendia

273 1456 497 1538 exigentibus.
533 1456 634 1521 Immo
652 1458 692 1522 ad
709 1454 907 1538 Gorgianam
926 1455 1139 1521 elocutionem
1155 1451 1329 1535 spectem),
1346 1473 1456 1534 quarn·

273 1579 377 1641 quam
401 1562 539 1646 Gorgias
568 1565 638 1644 ipse
662 1564 702 1628 de
730 1563 851 1644 proelio
875 1563 981 1627 navali
1012 1569 1101 1627 terra
1123 1561 1293 1627 commisso
1315 1559 1456 1626 tortasse

270 1668 406 1735 ,locutus
428 1689 491 1737 non
517 1676 568 1736 est
577 1668 610 1754 ⁶).
656 1669 799 1753 Figurae
823 1677 930 1735 autem
954 1670 1162 1734 inveniuntur
1185 1669 1264 1732 hae:

369 1777 400 1856 1)
425 1777 481 1839 οὐκ
498 1773 756 1856 εἰιαναλώσαμεν
772 1779 816 1861 τῷ
837 1775 969 1858 πολέμῳ
986 1781 1100 1856 χρόνον

423 1881 502 1946 ἀλλὰ
521 1885 725 1967 προςέθεμεν
748 1884 786 1966 τῇ
809 1887 880 1968 νίκῃ
904 1885 1005 1961 τάχος.

367 1990 481 2055 Parisa
504 1988 560 2074 (13
584 1998 618 2056 et
636 1989 674 2052 11
700 1990 796 2072 sylb),
822 1991 991 2055 antitheta.
1030 1989 1249 2068 Unaquaeque
1267 2006 1329 2054 vox
1352 2005 1450 2054 enun-

268 2095 348 2159 tiati
372 2096 561 2176 posterioris
585 2098 760 2178 respondet
783 2097 954 2176 unicuique
978 2097 1102 2176 prioris.

367 2199 399 2285 2)
425 2202 515 2281 ὑμεῖς
538 2200 573 2264 δὲ
597 2200 816 2290 ἀποστερῆσαι
839 2203 896 2263 τόν
917 2203 1038 2281 μισθόν
1060 2202 1250 2281 διεγνώκατε

420 2308 457 2369 τό
481 2309 706 2392 πλεονέκτημα
730 2314 786 2395 τῆς
807 2309 953 2387 εὐτυχίας
977 2305 1116 2394 ἔγκλημα
1142 2314 1340 2386 ποιούμενοι.

244 2412 252 2426 “
363 2415 487 2492 Parisa,
510 2417 741 2497 paronomasia.

364 2519 396 2598 3)
419 2521 474 2582 καὶ
498 2519 571 2584 οὐδὲ
595 2517 699 2585 ἐκεῖνο
724 2528 848 2585 συνίετε

418 2628 468 2689 ότι
491 2627 597 2690 πολλοὶ
619 2630 881 2717 συμμαχήσαντες

417 2734 453 2796 od
475 2738 586 2815 μέντοι
608 2736 821 2822 κρατήσαντες

416 2839 456 2901 τὰ
480 2841 764 2928 συνωμολογημένα
788 2844 935 2931 χρήματα

486 2947 665 3032 παρὰτῶν
689 2954 869 3028 συμμαχίας
893 2955 1054 3029 τυχόντων
1077 2948 1264 3032 κομίζονται,

415 3054 496 3117 διότι
519 3063 583 3117 τῶν
606 3059 857 3135 συμμαχούντων
880 3051 1008 3128 ἕκαστος

416 3160 672 3242 συμβαλλόμενος
694 3160 753 3248 τὴν
776 3164 903 3247 γνώμην

412 3270 468 3332 οὐκ
492 3262 722 3348 ἐπαγγέλλεται
745 3268 804 3356 τὴν
827 3274 932 3356 τύχην.

358 3374 483 3457 Parisa,
508 3376 679 3458 antitheta,
704 3378 964 3460 homoioteleuta‚
988 3378 1221 3458 paronomasia.

359 3552 380 3616 ¹)
399 3550 596 3617 Wilemowitu,
616 3553 733 3603 Hermes
752 3553 870 3605 XXXV.
889 3571 916 3620 p.
935 3555 1036 3621 25sqq.

358 3639 379 3704 9)
397 3640 442 3690 W.
462 3639 583 3707 Schmid,
602 3641 661 3692 Der
678 3641 846 3694 Atticismus
870 3645 918 3696 ΙΙΙ
938 3645 1006 3694 1893
1026 3661 1052 3710 p.
1071 3645 1096 3694 2.

357 3729 379 3794 ³)
398 3729 505 3795 Rohde,
525 3730 583 3781 Der
601 3729 775 3795 griechische
794 3733 903 3785 Roman
922 3751 947 3800 p.
968 3735 1028 3784 381.

356 3816 380 3883 4)
399 3817 507 3883 Scheel,
526 3818 569 3869 De
590 3818 748 3884 Gorgianae
769 3821 933 3888 disciplinae
952 3823 1080 3886 vestigiis
1102 3823 1170 3873 1890
1189 3839 1215 3888 p.
1235 3823 1277 3874 35.

356 3907 377 3973 ¹⁵)
396 3907 494 3972 Neque
513 3906 587 3959 euim
607 3907 720 3972 scimus,
739 3916 834 3961 utrum
853 3912 1026 3978 Thucydidis
1039 3914 1091 3977 (lv
1111 3916 1154 3970 ll)
1173 3911 1300 3977 facetiae,
1320 3927 1390 3977 quae
1409 3909 1439 3961 in

264 4001 393 4046 nostram
412 3996 579 4047 sententiam
599 3997 703 4063 optime
723 4000 870 4064 quadrant,
890 4019 926 4053 an
945 4002 1081 4054 Isocratis
1100 4001 1151 4070 (IV
1163 4003 1209 4069 89)
1229 4000 1365 4065 aGorgia
1381 3999 1438 4050 sint

263 4083 405 4136 inventae.
435 4085 520 4151 Apud
539 4087 694 4138 Isocratem
713 4095 806 4141 autem
826 4091 908 4142 aliter
926 4107 970 4142 res
990 4093 1132 4158 sehabet,
1153 4108 1216 4143 oum
1234 4090 1280 4141 hic
1299 4089 1333 4140 de
1352 4095 1437 4155 ponto

264 4173 295 4223 in
313 4173 498 4240 Hellesponto
521 4174 596 4226 fecto
621 4184 648 4227 et
666 4177 742 4228 Atho
766 4188 860 4231 moute
883 4181 1011 4248 perfosso
1031 4188 1140 4246 agutur,
1166 4197 1222 4247 que
1246 4180 1280 4231 de
1297 4195 1328 4231 re
1347 4179 1437 4230 decla·

266 4270 416 4313 maverunt
431 4262 522 4314 Verus
541 4263 693 4332 Pergaeus,
712 4268 744 4319 V.
759 4268 785 4320 S.
799 4269 867 4333 116,
888 4277 916 4321 et
930 4270 1064 4322 Nicolaus
1083 4287 1162 4337 prog.
1177 4271 1195 4320 8
1208 4270 1282 4336 apud
1296 4267 1437 4320 Walzium

255 4350 277 4403 1
295 4367 322 4418 p.
341 4351 402 4406 338.
