3402 5066
674 1195 903 1289 Praelatio

287 1498 325 1562 ln
360 1497 546 1562 Pollucis
579 1496 767 1564 onomastici
802 1497 894 1563 libris
925 1497 1017 1564 I-V
1048 1497 1217 1564 laudandis
1252 1499 1372 1565 Betbei

200 1619 371 1686 editionem
408 1616 519 1703 (1900)
548 1622 678 1684 secutus
713 1636 799 1702 sum,
836 1619 927 1684 euius
962 1619 1098 1685 alteram
1137 1625 1263 1702 partem
1288 1639 1372 1706 ¹mox

199 1739 320 1805 editum
335 1739 376 1804 iri
392 1757 502 1806 omues
521 1738 617 1805 valde
633 1743 776 1822 sperant,
793 1738 938 1805 Beklreri
954 1736 1066 1824 (1846)
1081 1740 1115 1805 in
1130 1739 1224 1807 libris
1237 1739 1370 1806 VI—X.

199 1859 335 1926 Ceterae
358 1876 435 1925 voro
459 1858 618 1925 editiones
642 1877 705 1924 uon
729 1858 902 1925 laudantur
924 1859 988 1924 nisi
1010 1859 1181 1942 perpaucis
1202 1859 1283 1928 leals
1306 1859 1372 1928 edi·

198 1980 322 2046 toribus
334 1979 515 2045 uomInatis.
540 1977 898 2060 SemperPhrynicbi
914 1978 1065 2046 editionis
1077 1979 1372 2046 Rutherfordianae

198 2098 310 2183 (1881)
340 2101 483 2166 numeris
513 2099 677 2165 titulorum
713 2103 747 2166 et
776 2100 967 2183 paginarum
999 2117 1148 2166 numeros
1179 2100 1371 2182 pagiuamm

198 2220 333 2302 apposui
357 2219 507 2286 editionis
523 2220 752 2286 Lobeclrianae
776 2217 889 2305 (1820)
913 2219 1060 2300 quamvis
1083 2219 1179 2286 foeda
1201 2220 1235 2284 in
1258 2221 1373 2286 charta

201 2341 405 2408 Weidmanni
435 2358 618 2424 expressae.
669 2341 781 2424 Neque
810 2341 895 2406 enim
919 2340 1169 2408 Rutherlordius
1197 2338 1371 2408 editionem

199 2462 354 2529 Lobcclrii
370 2462 556 2529 obscuravit
571 2461 640 2542 (cfr.
653 2462 819 2544 dobnium,
836 2461 1093 2544 PhilologIscher
1108 2460 1273 2543 Anneiger
1287 2460 1372 2526 XIII

199 2582 283 2647 1883
301 2603 329 2665 p.
346 2580 508 2666 acescat,
526 2601 625 2663 saepe
642 2601 713 2648 eam
730 2583 892 2663 excerpsit
913 2586 1050 2665 tantum,
1067 2581 1206 2662 denique
1222 2581 1298 2648 libri
1321 2582 1371 2648 sui

197 2725 285 2770 usum
312 2704 476 2771 difficilem
501 2704 684 2787 faciteam
709 2704 852 2770 numeris
877 2702 1004 2769 Latinis
1028 2721 1105 2770 usus
1130 2702 1230 2769 sitin
1253 2703 1371 2786 glossis

161 2817 169 2832 '
198 2825 417 2908 recensendis
448 2825 625 2908 Phranchi
650 2825 751 2892 verba
779 2824 814 2890 iu
842 2823 1083 2890 adnotationum
1117 2823 1201 2889 mole
1233 2824 1371 2889 occulta·

197 2947 282 3014 verit
296 2966 337 3011 ne
353 2945 458 3011 titulis
475 2945 604 3026 quidem
617 2945 798 3028 glossarum
815 2945 848 3009 in
865 2943 1014 3010 foliorum
1030 2943 1191 3024 capitibus
1207 2943 1370 3026 ascriptis,

196 3068 319 3132 frontes
342 3065 418 3131 libri
448 3066 496 3130 ita
524 3085 587 3130 non
612 3064 774 3146 poliverit,
805 3071 842 3130 ut
864 3065 898 3129 in
922 3064 1101 3131 evolvendo
1124 3081 1255 3144 semper
1278 3062 1371 3144 plura

196 3187 273 3252 lolia
297 3206 361 3251 una
383 3193 542 3251 transeas.
580 3185 692 3264 Neque
714 3184 814 3250 indici
831 3183 991 3249 Dindorfii
1016 3183 1238 3249 confidendum
1264 3187 1316 3250 est
1337 3191 1371 3249 et

196 3308 352 3373 Lobeokii
375 3306 660 3385 Rulherfordiique
682 3306 809 3371 numeri
839 3323 938 3386 saepe
961 3304 1086 3370 fallunt.
1132 3302 1368 3369 Philostrati

195 3429 339 3492 vitarum
356 3427 574 3509 sophistarum
599 3426 819 3509 paragrapbos
842 3425 976 3492 laudavi
995 3423 1170 3492 secundum
1194 3424 1369 3491 editionem

194 3549 529 3614 Westermannianam
545 3545 665 3631 (1846),
682 3565 753 3612 cum
769 3546 890 3611 tollens
910 3544 1143 3610 Philostratum
1165 3543 1310 3627 adierIm‚
1334 3551 1370 3610 ut

194 3669 330 3752 Kayseri
354 3668 562 3751 paragraphi,
596 3686 675 3747 quas
699 3667 763 3732 vim
793 3666 880 3731 docti
903 3665 1036 3731 laudare
1060 3665 1175 3745 solent,
1207 3664 1369 3746 longiores

193 3808 266 3856 esse
293 3790 492 3870 viderentur,
527 3807 621 3868 quam
655 3789 742 3853 utel
768 3787 883 3866 quibus
908 3804 983 3852 usus
1008 3804 1089 3865 sum,
1118 3785 1180 3850 loci
1204 3785 1299 3850 facile
1323 3786 1369 3850 in-

195 3911 391 3977 venirentur.

280 4030 446 4096 Indicibus
464 4030 619 4095 exornavi
641 4029 787 4093 libellum
808 4046 901 4107 quam
925 4025 1129 4109 largissimis,
1155 4045 1216 4106 quo
1240 4026 1368 4092 facilius

193 4152 247 4230 qui
270 4156 373 4216 totam
397 4151 618 4230 quaestionem
643 4148 814 4231 perlegere
837 4165 942 4226 neque
967 4147 1163 4225 vultusque
1187 4150 1305 4227 potest,
1330 4167 1369 4212 ea

199 4273 356 4355 iuventat,
381 4289 463 4352 quae
487 4269 526 4335 ad
551 4288 643 4335 usum
668 4288 759 4334 suum
776 4273 924 4350 spectare
948 4271 1049 4348 putat.
1087 4266 1168 4330 Nam
1189 4270 1238 4331 tot
1253 4265 1369 4332 disser-
