3402 5066
687 466 819 528 ..17
866 503 909 511 ...

210 642 457 726 Epicharmnm,
483 643 613 724 Sappho
637 649 740 710 testes
764 647 922 710 sermonis
945 663 1022 712 vere
1046 646 1149 711 Attici
1172 647 1389 712 numerandos

205 767 283 815 esse
306 748 432 832 negat?
479 744 481 748 ’

300 962 363 1030 Sed
381 964 477 1044 piane
493 964 558 1029 alia
573 965 699 1029 ratione
715 964 914 1031 Pollucem
936 970 1062 1031 ceteras
1078 954 1234 1031 dialectos
1251 984 1387 1033 censere

205 1089 248 1135 ox
272 1071 320 1137 eis
344 1061 423 1151 ¹qrros
448 1071 558 1136 statim
582 1071 744 1151 proteram
766 1071 846 1136 locis
871 1073 1055 1152 apparebit:
1222 1085 1224 1088 ·
1335 1069 1338 1075 ’

299 1176 361 1242 VII
378 1175 419 1241 76
444 1175 499 1237 καὶ
522 1174 657 1260 φλοΐνην
681 1174 715 1238 δὲ
740 1171 863 1264 ἐσθῆτα
879 1169 1055 1260 Ἡρόδοτος
1079 1173 1205 1262 ἐἴρηκεν
1221 1184 1255 1245 e't
1269 1179 1301 1243 X
1319 1177 1385 1242 178

205 1282 344 1367 φλοΐνην
359 1282 394 1345 δὲ
418 1279 541 1368 ἐσθῆτα
558 1275 738 1362 Ἡροδότου
755 1280 917 1365 εἰπόντος,
942 1284 991 1346 σοὶ
1010 1291 1106 1347 τοῦτο
1124 1281 1264 1367 ὑπάρχει
1279 1283 1386 1363 λέγειν

204 1389 260 1452 καὶ
292 1384 349 1451 ἐπὶ
380 1397 444 1452 τῶν
475 1387 579 1451 ἄλλων
602 1378 906 1470 πλεγμάτων-οἷον
936 1388 1072 1473 φλοΐνην
1101 1391 1239 1473 σπυρίδα
1269 1387 1288 1477 ἢ
1312 1444 1318 1457 .
1344 1443 1349 1456 .
1375 1443 1383 1457 .

204 1495 291 1579 Quin
322 1497 420 1562 otiam
449 1515 508 1578 pro
540 1494 701 1574 νεογιλλόν
724 1514 804 1571 voce
832 1497 929 1579 Isaei‚
958 1515 1040 1576 quae
1070 1497 1132 1562 sibi
1155 1517 1219 1563 non
1243 1479 1382 1580 placeat,

116 1689 118 1692 Ι
203 1607 338 1681 ’νεογνόν
360 1603 519 1669 Herodoti
543 1603 755 1684 commendat,
779 1621 971 1684 quamquam
993 1623 1057 1670 vox
1076 1604 1188 1669 Ionica
1207 1605 1252 1670 sit
1273 1605 1322 1688 (Π
1337 1604 1381 1688 8).

294 1709 415 1776 monem
439 1710 532 1774 modo
557 1727 653 1775 voees
676 1709 813 1775 Doricos
829 1709 940 1776 verbis
963 1710 1050 1774 hand
1068 1711 1229 1792 ambiguis
1252 1711 1381 1776 laudatr

202 1816 236 1881 II
261 1815 325 1880 141
357 1817 411 1878 καὶ
434 1819 566 1896 κόβιτον
595 1814 701 1887 εἴποις
729 1808 770 1876 ἂν
803 1818 843 1884 ὡς
867 1808 1099 1899 Ἱπποκράτης·
1124 1817 1213 1878 δοκεῖ
1237 1808 1266 1878 δ’
1294 1808 1381 1880 εἶναι

202 1922 350 2005 Δωρικόν
373 1927 517 2002 τοόνομα
535 1930 598 1984 τῶν
622 1917 658 1984 ἓν
673 1921 804 2004 Σικελίᾳ
820 1926 983 2005 Δωριέων,
1008 1922 1090 1984 ὅθεν
1107 1919 1307 2006 Ἐπίχαρμος
1323 1923 1379 1986 καὶ

200 2028 238 2090 τό
264 2031 377 2092 παίειν
400 2032 444 2115 τῷ
461 2027 579 2108 ἀγκῶνι
602 2027 774 2109 κνβιτίζειν
790 2028 885 2108 λέγει.
910 2029 958 2094 VI
981 2028 1024 2092 34
1050 2081 1102 2093 ...
1128 2024 1281 2111 ἐπίσιτος,
1307 2024 1377 2093 ε’πι-

202 2140 355 2219 σιτισμός,
387 2144 581 2221 παρασιτεῖν
605 2136 660 2198 καὶ
684 2134 775 2220 παρὰ
800 2143 868 2206 τοῖς
888 2141 1048 2219 νεοτέροις
1071 2139 1251 2219 παράσιτος
1274 2189 1378 2204 .....

200 2236 259 2305 ἐπὶ
286 2247 398 2321 μέντοι
421 2252 479 2305 τοῦ
504 2250 697 2327 παρασιτεῖν
725 2240 807 2304 κατὰ
831 2241 975 2320 λιχνείαν
1004 2239 1023 2328 ἠ’
1051 2242 1225 2304 κολακείαν
1249 2252 1380 2328 πρῶτος

199 2343 405 2435 Ἐπίχαρμος
427 2350 483 2412 τόν
508 2352 690 2434 παράσιτον
714 2350 891 2431 ὠνόμασεν,
917 2340 1133 2431 εἷτα”Αλεξις,
1158 2349 1215 2415 cfr.
1234 2349 1280 2414 VI
1302 2349 1377 2414 123.

166 2503 168 2510 ,
199 2456 249 2521 IX
276 2456 318 2520 41
351 2476 397 2538 sq.
428 2456 572 2544 χορηγόν,
598 2463 774 2541 χορηγεῖον,
803 2461 949 2540 χορηγεῖν
977 2473 1036 2536 pro
1065 2454 1258 2540 διδασκάλῳ,
1289 2455 1375 2518 διδα·

198 2561 345 2648 σκαλείῳ,
375 2563 537 2627 διδάσκειν
560 2565 637 2645 poni
661 2564 794 2645 patitur,
827 2561 1018 2642 quamquam
1040 2562 1160 2628 Dorice
1188 2557 1255 2629 sint
1278 2561 1393 2643 dicta.-

286 2670 402 2752 It'aque
430 2690 471 2738 ne
494 2671 645 2737 Aeolioas
673 2670 802 2751 quidem
830 2687 927 2736 voces
956 2669 1103 2751 prolerre
1131 2670 1271 2751 dubitat,
1302 2689 1376 2736 cnm

198 2775 328 2858 Sappho
352 2778 499 2860 pluribus
522 2779 603 2844 locis
626 2776 746 2842 landet.

286 2885 539 2966 Xenophontem
571 2889 742 2964 praeterea
771 2883 854 2947 tanti
878 2875 1040 2963 aestimat,
1070 2887 1106 2946 nt
1133 2883 1251 2948 multas
1277 2900 1375 2949 voces

196 2990 333 3057 Dorieas
354 2990 514 3073 admittat,
541 2990 622 3071 qnod
640 2989 822 3070 Xenophon
846 2989 926 3055 adeo
950 2988 1121 3054 barbaram
1138 3006 1249 3055 vocem
1274 3007 1374 3069 qnan-

195 3096 270 3161 dam
293 3097 462 3178 scripserit
478 3097 542 3181 (IX
565 3097 605 3161 81
617 3116 713 3177 sq....
731 3091 796 3174 ἔχει
818 3093 880 3165 μὲν
896 3095 966 3182 δητι
989 3093 1044 3156 καῖ
1064 3092 1238 3177 φιλόκαλον
1263 3091 1370 3181 hroc-

195 3223 260 3264 των
276 3212 401 3283 γνῶσις·
426 3201 498 3274 ἴσως
522 3203 556 3266 δὲ
581 3202 654 3267 οὐδὲ
677 3201 821 3289 ηχρῖγσις
844 3203 976 3283 ἄτοπος,
1003 3197 1034 3263 εἰ
1054 3199 1135 3285 μηδὲ
1156 3201 1231 3271 τούς
1246 3199 1374 3280 σίγλονς

194 3310 381 3393 όΞενοφῶν
404 3314 507 3390 όνομα
523 3314 699 3393 βαβαρικοῦ
716 3314 914 3388 νομίσματος
939 3305 1048 3370 εἰπεῖν
1072 3301 1275 3392 ἐφυλάξατο),
1305 3307 1372 3372 Ho-

194 3435 318 3483 merum
341 3419 424 3484 tanti
448 3419 538 3499 tacit,
562 3426 597 3482 ut
622 3417 648 3481 V
675 3418 715 3480 76
740 3435 813 3483 eum
832 3415 1030 3481 Anacreonti
1054 3420 1088 3478 ot
1103 3412 1253 3493 Sophocli
1278 3432 1372 3495 prae—

193 3523 279 3589 ierat
312 3531 345 3590 et
382 3525 414 3590 X
449 3523 512 3588 128
545 3525 614 3591 eius
653 3527 759 3586 πτύον
789 3521 1006 3600 commendet,
1044 3539 1235 3600 quamquam
1266 3521 1368 3586 Attici

193 3631 369 3712 scriptores
403 3635 505 3692 πτέον
537 3630 640 3696 forma
676 3631 742 3694 sint
772 3629 823 3694 usi
847 3625 899 3711 (τὰ
930 3625 965 3688 δὲ
993 3624 1093 3688 λοιπὰ
1123 3630 1234 3708 πτέον,
1269 3629 1309 3698 ὡς
1338 3625 1371 3688 οῖ

193 3722 332 3800 Ἀττικοί
366 3737 519 3821 λέγουσιν,
561 3734 579 3823 η
612 3741 726 3818 πτόον,
763 3737 805 3806 ὡς
825 3726 993 3817 Ὄμηρος),
1029 3733 1290 3813 Theophrastum
1321 3733 1368 3798 iia

191 3843 312 3928 laudat,
337 3849 374 3910 ut
393 3845 462 3911 eius
486 3846 680 3911 anctoritate
703 3843 794 3908 nisus
814 3838 959 3925 όπαρτία
976 3857 1055 3906 voce
1074 3839 1184 3905 Ionica
1205 3839 1371 3905 atticistas

190 3952 239 4018 nti
262 3970 326 4017 non
349 3958 441 4018 vetet
464 3949 510 4035 (X
527 3949 568 4015 18
593 3969 639 4029 sq.
663 3952 807 4028 τοόνομα
830 3944 865 4009 δὲ
888 3946 908 4035 η
933 3943 1078 4028 ἀπαρτία
1103 3940 1171 4007 ἔστι
1193 3941 1369 4025 μένἿωνι-

167 4047 247 4118 κόν
364 4054 395 4120 εἰ
422 4060 536 4136 μέντοι
564 4057 619 4118 καὶ
651 4050 687 4117 ἐν
714 4053 824 4138 βιβλίῳ
847 4053 912 4135 τινὶ
940 4056 1084 4131 τοῦνομα
1113 4050 1171 4137 την
1199 4049 1370 4134 όπαρτίαν

192 4163 301 4246 εδρεῖν
326 4161 463 4245 ἐθέλοις,
493 4151 543 4234 ὡς
563 4161 648 4246 όπὲρ
675 4170 740 4223 τῶν
763 4159 921 4239 λεγόντων
946 4155 1130 4237 ἀπολογοῖο,
1160 4157 1303 4244 εὑρήσεις
1330 4153 1371 4219 ἔν

189 4290 225 4333 τε
262 4273 308 4356 τῷ
342 4271 481 4354 δευτέρη)
512 4278 577 4332 τοῖν
609 4263 834 4338 Ἱππώνακτος
874 4263 1010 4347 ἰάμβων·
1043 4262 1204 4350 ἀκήρατον
1238 4262 1272 4325 δὲ
1306 4261 1343 4350 τη

188 4375 356 4462 ἀπαρτίαν
384 4373 460 4460 ἔχει,
493 4378 547 4439 καὶ
582 4373 673 4459 παρὰ
709 4369 899 4458 Θεοφράστη
933 4368 968 4435 ἐν
1000 4374 1044 4456 τῷ
1072 4365 1195 4453 δεκάτην
1222 4357 1367 4450 Νόμων).

1184 4478 1199 4526 2
