3402 5066
698 467 918 531 ..ῃ-

221 653 318 729 gatus
355 649 414 712 est.
468 645 582 725 Itaquc
619 644 745 724 glossas
781 643 871 725 prius
906 645 970 710 iam
1005 645 1122 710 allatas
1159 642 1264 711 denuo
1301 642 1407 710 affert

222 753 368 835 pluribus
401 752 541 818 testibus
573 751 691 833 citatis,
724 769 814 816 suani
844 751 1005 817 rationem
1032 750 1175 817 fontibus
1202 749 1315 816 utendi
1343 750 1406 814 adr

222 859 440 926 versariorum
463 858 581 924 rationi
604 857 651 922 ita
674 859 815 939 opponit,
844 861 881 922 ut
907 875 1011 924 novae
1039 855 1222 924 comoediae
1250 863 1408 923 auctores·

222 984 344 1046 aeque
366 964 478 1030 laudet
501 983 539 1030 ac
562 962 695 1031 veteris.
741 963 959 1060 Adversarius
982 969 1035 1029 est
1056 962 1272 1046 Phrynichus.

398 1249 419 1332 ξ
445 1248 474 1313 2.
513 1247 565 1313 lle
588 1247 791 1331 Phrynichl
814 1248 959 1315 ratione
982 1247 1223 1316 atticissandl.

313 1391 517 1473 Phrynichus
541 1390 887 1474 aequalisPollucis1)
910 1391 983 1473 ipse
998 1409 1123 1472 quoque
1146 1391 1245 1456 libros
1270 1408 1345 1457 suos
1364 1391 1406 1454 in·

228 1500 344 1580 quibus
368 1499 408 1564 de
433 1498 572 1564 dialecto
588 1497 699 1562 Attica
722 1497 801 1579 egit,
825 1499 1113 1579 Praeparationeni
1137 1497 1226 1563 illam
1242 1497 1398 1579 Sophisti·

226 1625 293 1670 cato
307 1603 331 1688 ⁹)
354 1606 446 1672 cuius
470 1610 625 1684 excerpta
648 1605 865 1685 supersuntit,
890 1605 1060 1671 Commodo
1078 1604 1211 1670 Caesari
1226 1602 1408 1670 dedicavit..

315 1711 513 1794 Diligentius
545 1712 577 1775 in
610 1711 657 1776 eis
689 1729 768 1790 quos
799 1710 876 1794 περὶ
900 1707 1053 1773 Ἀττικῶν
1077 1710 1245 1789 ὀνομάτων
1269 1711 1411 1790 scripsit.

225 1821 327 1899 libris,
353 1836 486 1908 qnorum
510 1817 633 1900 Ecloga
662 1818 856 1902 tripertita4l
880 1818 936 1884 vel
955 1818 1060 1899 potius
1082 1815 1267 1901 bipertitall
1290 1836 1400 1898 super·

227 1935 287 2006 est,
312 1925 487 2007 examinat,
517 1943 600 2004 qnae
624 1915 832 2004 accipiendae
856 1944 938 2004 uuae
962 1923 1116 1990 vitandae
1139 1922 1206 1998 sint
1229 1939 1335 2006 voces,
1364 1931 1411 2000 ut¹

225 2031 349 2114 Ecloga
370 2031 428 2097 illa
451 2049 507 2096 suo
523 2032 593 2098 iure
608 2031 847 2098 Antibarbarus
862 2032 995 2114 linguae
1011 2029 1159 2097 Graecae
1175 2031 1358 2112 appelletur
1368 2029 1400 2113 ⁰).

319 2259 339 2327 1)
359 2260 480 2313 Photius
499 2261 661 2314 bibliothec.
676 2261 737 2312 cod.
759 2262 809 2312 158
829 2261 863 2312 ed
878 2261 989 2313 Beluker
1007 2278 1033 2329 p.
1050 2263 1101 2313 100
1119 2263 1147 2327 b,
1165 2261 1249 2326 asqq.
1277 2259 1401 2332 Ἧκμιισε

227 2349 256 2404 δὲ
275 2349 289 2402 ὁ
309 2347 378 2423 ἀνὴρ
403 2349 433 2404 ἐν
452 2356 508 2409 τοῖς
523 2346 634 2421 χρόνοις
653 2346 772 2422 Μάρκου
791 2350 921 2419 βασιλέως.
938 2348 1079 2423 Ῥωμαίων
1098 2352 1145 2402 καὶ
1172 2355 1220 2403 τοῦ
1238 2345 1334 2407 παιδὸς
1355 2346 1401 2399 ου’-

227 2445 277 2493 τοῦ
292 2435 454 2512 Κομμόδοο,
474 2435 543 2510 πρὸς
561 2437 594 2492 ὂν
606 2441 653 2492 καὶ
673 2437 722 2510 τὴν
735 2436 861 2511 ιῖτιιιρχίμ
875 2445 924 2492 τοῦ
942 2436 1133 2512 συντάγματος
1152 2444 1272 2492 ποιεῖται
1292 2432 1411 2506 ἐπιγρά-

227 2543 298 2597 φων·
321 2525 462 2601 Κομμὸάῳ
483 2529 604 2598 Καίσαρι
626 2524 765 2600 Φρύνιχος
780 2531 899 2601 χαίρειν,

318 2617 338 2686 2)
359 2618 437 2668 Duas
465 2616 603 2669 editiones
630 2617 859 2684 Praeparationis
889 2617 1059 2684 sophisticae
1088 2615 1191 2668 statuit
1217 2615 1330 2680 Kaibel,
1359 2615 1403 2665 De

226 2705 388 2771 Phrynicho
417 2706 544 2773 sophista
569 2723 595 2772 p.
618 2708 658 2771 15,
685 2722 803 2773 quarum
823 2723 909 2758 unam
928 2707 1034 2772 amicis,
1059 2708 1177 2758 alteram
1198 2705 1242 2772 „in
1260 2704 1403 2755 XXXVII

226 2795 314 2846 libros
338 2794 458 2846 divisam
481 2795 577 2846 multis
596 2796 687 2862 modis
712 2803 825 2847 auctam
844 2803 873 2847 et
891 2801 1046 2848 correctam
1065 2803 1094 2846 et
1112 2795 1141 2846 in
1160 2810 1263 2846 novam
1281 2794 1412 2844 fortasse·

227 2883 347 2951 speciem
368 2884 516 2936 ambitiose
529 2885 759 2937 transformatam
777 2885 944 2952 pubescenti
958 2884 1072 2936 Caesari
1091 2884 1165 2936 circa
1184 2900 1208 2934 a.
1227 2884 1276 2934 113
1296 2886 1330 2944 <
1343 2881 1355 2933 l
1367 2886 1402 2944 >

228 2973 357 3024 obtuitu.

318 3059 340 3125 3)
359 3062 409 3112 Itd.
434 3061 545 3113 Beklrer
568 3063 716 3113 Anecdota
744 3062 852 3113 Graeca
879 3064 893 3113 I
925 3063 992 3113 1814
1018 3079 1045 3129 p.
1072 3061 1167 3114 1-74.
1210 3061 1252 3110 De
1280 3057 1414 3124 genuina-

228 3151 319 3202 t'orma
336 3150 565 3218 Praeparutionis
588 3152 657 3203 haec
681 3151 859 3203 enuncleavit
877 3151 978 3203 Kaibel
1001 3168 1028 3218 p.
1049 3153 1064 3203 'l
1086 3166 1151 3217 „per
1170 3155 1247 3202 certa
1266 3147 1412 3214 quaedama

229 3255 323 3290 rerum
342 3255 446 3305 genera
465 3240 559 3291 omnia
576 3240 626 3291 illa
640 3256 712 3305 quae
732 3242 887 3305 collegerat
906 3241 964 3292 sive
984 3241 1098 3306 singula
1109 3239 1250 3291 vocabula
1268 3237 1326 3289 siva
1341 3253 1403 3286 ora-

229 3328 316 3379 tionis
339 3331 465 3381 membra
488 3329 529 3380 ita
548 3329 648 3396 opinor
667 3329 817 3395 ordinavit,
843 3335 875 3380 ut
896 3330 1015 3394 singulis
1034 3327 1114 3380 libris
1134 3328 1248 3394 singula
1267 3326 1414 3392 quaednnu
1461 3379 1462 3383 ,

229 3425 396 3482 argumenta
423 3424 559 3470 tractaret
578 3459 584 3472 .
605 3458 612 3471 .
633 3421 655 3480 ,“
700 3417 779 3479 Quae
804 3418 864 3469 iure
888 3418 1065 3469 offenderunt
1087 3419 1121 3470 R.
1145 3414 1405 3478 Reitzensteinium,

229 3507 287 3557 Der
306 3508 420 3572 Anfang
440 3509 488 3559 des
507 3507 648 3559 Lexikons
668 3508 716 3558 des
736 3508 855 3558 Plautios
877 3508 945 3558 1007
964 3524 991 3573 p.
1010 3507 1062 3558 XL
1080 3507 1144 3558 adn.
1167 3508 1191 3557 l.

320 3593 341 3662 4)
360 3596 462 3648 Kaibel
482 3599 500 3650 l.
520 3597 536 3647 l.
558 3613 583 3664 p.
603 3597 628 3647 4.

320 3685 341 3751 ⁵)
360 3686 543 3750 Eutheriord‚
564 3687 624 3737 The
643 3687 711 3738 New
730 3685 918 3750 Phrynichus,
938 3685 1078 3752 appendix
1095 3685 1129 3749 A,
1149 3684 1181 3735 L.
1202 3683 1290 3748 Gohn,
1309 3681 1415 3732 Philor

160 3801 162 3803 ·
231 3773 372 3834 logischer
402 3775 543 3840 Anaeiger
570 3775 645 3826 XIII
675 3776 752 3840 1888,
779 3791 805 3840 p.
835 3775 896 3840 466,
922 3774 982 3826 Jos.
1007 3775 1144 3836 Brenous‚
1178 3773 1220 3822 De
1244 3769 1416 3834 Phrynicho·

230 3862 355 3914 atticista
375 3865 443 3914 1895
462 3880 489 3929 p.
509 3866 524 3915 7
543 3865 607 3917 adn.
627 3866 651 3914 2.
732 3856 735 3864 ’

321 3947 340 4018 ⁶)
367 3951 454 4003 Valde
490 3952 588 4004 dubito
624 3969 692 4003 num
725 3949 770 4019 ,τὸ
803 3950 855 4023 πρὸ
889 3949 988 4005 τούτου
1024 3953 1088 4024 περὶ
1119 3954 1232 4023 κρίσεως
1263 3944 1416 4020 ὀνομάτων·

230 4037 390 4114 πρόβλημα“
413 4041 543 4106 (Photios
569 4059 595 4109 p.
622 4042 671 4093 100
683 4043 709 4107 b,
736 4043 771 4093 88
781 4041 826 4109 Β.)
852 4041 923 4092 idem
948 4057 1020 4108 opus
1045 4040 1082 4091 sit
1109 4047 1193 4106 atque
1217 4032 1418 4107 ,Ἀττικιστὴςτ

231 4127 248 4198 ἢ
266 4131 331 4202 περὶ
350 4129 485 4184 Ἀττικῶν
505 4127 648 4204 ὀνομάτων
665 4132 753 4200 βιβλία
771 4127 822 4200 μ’“,
842 4129 956 4197 (Suidas
975 4130 1017 4182 ed.
1036 4129 1149 4182 Bekker
1167 4145 1189 4182 s.
1207 4145 1234 4182 v.
1257 4122 1417 4198 Φρύνιχος)

232 4236 316 4284 quam
345 4220 513 4272 sententiam
543 4220 698 4274 defendunt
724 4220 811 4286 Hugo
840 4220 956 4284 Weber,
982 4219 1239 4282 Fatersuchnngen
1264 4216 1334 4266 uber
1358 4215 1417 4265 das-

231 4308 358 4359 Lexikon
380 4309 428 4360 des
449 4308 615 4374 Hesychios,
634 4309 802 4374 Philologus
821 4309 913 4376 suppl.
932 4308 979 4360 111
999 4308 1068 4360 1878
1086 4324 1113 4375 p.
1132 4303 1416 4373 481sqq.0a1<cibet

231 4398 440 4463 1.1.p.3‚14.
480 4398 576 4464 Neque
604 4399 675 4449 enim
701 4398 776 4464 quod
800 4397 928 4464 sequitur
952 4413 979 4464 p.
999 4397 1083 4463 tuot,
1106 4396 1142 4448 84
1166 4392 1230 4463 ,τὸν
1250 4390 1348 4464 λόγον“
1375 4395 1419 4445 aa.
