3402 5066
745 409 962 472 ..46-

265 592 425 670 tempore,
450 603 511 668 quo
535 587 752 653 Philostratus
768 587 854 654 vitas
878 587 1096 668 sophistarum
1120 587 1262 669 scripsit,
1286 589 1445 669 Aspasius

270 695 387 761 docere
418 693 560 760 nondum
589 693 735 760 desierat
762 691 812 777 (V.
836 692 867 759 S.
895 694 929 759 ΙΙ
957 690 1011 777 33,
1041 693 1075 769 4)
1102 694 1136 758 id
1165 701 1216 760 est
1243 707 1280 760 a0
1300 691 1400 773 230f1
1411 692 1445 778 ¹),

265 801 326 882 qui
353 800 570 881 perlongum
598 805 727 880 tempus
757 799 945 866 cathedram
973 802 1107 866 tenebat
1133 797 1184 883 (V.
1208 799 1239 866 S.
1268 799 1378 882 1133,
1404 799 1446 885 2).

362 906 440 971 Cum
471 906 587 990 quihus
618 906 712 972 annis
740 908 857 973 Pollux
886 907 986 973 libros
1015 906 1212 972 Onomastici
1241 907 1274 971 X
1301 907 1448 973 emiserit

267 1011 465 1094 eraserimus,
503 1012 602 1080 facile
636 1013 852 1097 intellegitur,
889 1032 949 1094 quo
981 1018 1127 1094 tempore
1163 1013 1233 1080 eius
1267 1013 1448 1079 adversarii

268 1118 474 1200 scripserint.
519 1120 802 1202 Ac'Phrpnichus
834 1119 963 1199 quidem
994 1119 1151 1203 Hologam
1182 1134 1219 1186 a0
1239 1120 1309 1186 iere
1339 1118 1446 1204 1782),

274 1225 438 1291 Lucienus
454 1225 633 1292 Rhetorum
652 1233 895 1307 praeceptorem
911 1241 949 1293 a0
962 1226 1032 1294 iere
1049 1225 1114 1293 180
1125 1225 1312 1310 vulgavitssl.
1336 1226 1448 1306 Neque

272 1331 363 1416 enim
387 1333 505 1414 obstat,
535 1333 618 1415 quod
646 1333 852 1415 Phrynichus
876 1332 1031 1416 Hclogam
1055 1333 1247 1399 Corneliano
1274 1332 1447 1416 dedicavit,

277 1455 349 1503 cum
366 1436 576 1506 Cornelianus
592 1458 656 1505 non
674 1439 782 1506 Marco
799 1443 833 1506 et
848 1440 934 1506 Vero
948 1440 1240 1524 imperatoribust,
1265 1439 1322 1506 sed
1339 1440 1449 1505 Marco

271 1549 311 1610 et
334 1542 600 1626 commodoque
624 1546 773 1628 epistulis
797 1550 886 1612 essct
909 1545 1084 1624 Graecis0).
1149 1621 1152 1627 ,

370 1791 389 1859 ¹)
409 1791 615 1844 Philostratum
639 1802 672 1844 a⁰
687 1793 739 1844 229
763 1793 836 1846 vitas
863 1793 1054 1860 sophistarum
1080 1792 1207 1844 emisisse
1235 1792 1348 1844 Schmid
1376 1792 1451 1858 apud

278 1880 429 1944 Pauly-W.
448 1881 478 1931 Il
496 1897 523 1947 p.
539 1883 615 1946 1728,
635 1882 669 1933 81
685 1897 745 1948 sqq.
766 1898 800 1933 ex
812 1881 955 1942 consulari
968 1881 1052 1934 titulo
1066 1881 1201 1934 Gordiani
1213 1882 1286 1933 falso
1300 1881 1451 1947 concludit,

191 1981 192 1984 ’
275 1983 363 2034 quem
391 1975 452 2021 turn
471 1971 671 2036 ‘proconsulem
699 1970 787 2022 fuisse
813 1986 847 2022 ex
874 1971 1043 2022 Philostrati
1070 1970 1193 2038 epistula
1215 1978 1333 2038 apparet
1355 1969 1452 2043 (ἄριστ’

274 2053 457 2122 ἀνθυπάτων,
486 2073 543 2122 qua
568 2075 632 2110 curn
655 2059 738 2110 lande
765 2060 816 2113 cfr.
835 2060 995 2123 Pauly-W.
1022 2059 1069 2110 111
1092 2075 1118 2126 p.
1144 2060 1216 2127 921).
1257 2060 1287 2113 F.
1311 2059 1453 2125 Budolph,

275 2144 429 2212 Leipziger
453 2147 571 2198 Studien
590 2148 646 2200 VII
672 2148 741 2198 1884
764 2164 791 2215 p.
815 2148 833 2198 4
852 2164 903 2214 sq,
928 2146 1025 2213 Fertig
1048 2148 1090 2199 De
1113 2147 1294 2199 Philostratis
1317 2146 1454 2214 sophistis

282 2235 352 2285 1894
371 2251 398 2301 p.
420 2235 460 2287 19.

371 2317 395 2388 ²)
413 2324 508 2390 Atque
526 2323 661 2390 Helegam
679 2331 746 2392 post
759 2325 1007 2392 Praeparationsm
1021 2325 1205 2392 compositam
1224 2341 1285 2377 esse
1303 2323 1454 2377 verisimile

277 2418 335 2464 est.
364 2411 435 2464 Nem
445 2412 569 2465 Kaibelii
584 2415 753 2467 sent-entiam
765 2414 1014 2482 Praeparationem
1026 2421 1092 2481 post
1104 2415 1237 2480 Helegam
1251 2414 1380 2466 emissam
1393 2429 1455 2464 esse

277 2502 313 2566 (l.
332 2501 350 2556 l.
369 2517 395 2568 p.
417 2501 460 2570 14)
487 2501 605 2554 dicentis
629 2503 825 2568 refutavimus,
850 2519 913 2554 eum
935 2503 1071 2568 Hologam
1094 2502 1124 2553 in
1144 2503 1371 2570 Praeparationis
1397 2502 1415 2556 l.
1439 2503 1455 2552 5

278 2589 457 2659 praefatione
477 2590 590 2642 minime
609 2591 718 2643 laudari
737 2591 1021 2643 demonstrarerimus
1039 2608 1066 2659 p.
1088 2593 1120 2642 11
1140 2591 1202 2644 adn.
1222 2593 1246 2643 6.

373 2675 396 2745 ³)
416 2679 472 2730 oe.
491 2667 649 2731 nannetum
667 2681 685 2732 1.
705 2681 722 2733 1.
741 2696 768 2746 p.
787 2679 830 2745 sc,
851 2679 1004 2733 caristium
1022 2680 1041 2730 r.
1060 2680 1077 2731 1.
1096 2696 1123 2746 p.
1143 2680 1202 2732 rra.

375 2764 397 2834 ⁴)
415 2768 529 2820 Lobeclr
547 2767 727 2833 Phrynichus
746 2785 772 2836 p.
792 2770 854 2834 418,
873 2785 995 2836 quocum
1014 2768 1155 2820 consentit
1173 2768 1274 2821 Kaibel
1292 2786 1320 2837 p.
1339 2769 1365 2833 8,
1386 2768 1427 2820 14.

374 2857 397 2923 ⁵)
415 2857 603 2924 Friedl'auder,
630 2858 852 2923 Darstellungen
880 2874 931 2909 aus
960 2858 986 2913 d.
1015 2857 1202 2923 Sittengeseh.
1228 2858 1314 2908 Roms
1337 2855 1365 2908 16
1390 2858 1458 2907 1888

280 2963 312 3013 p.
337 2947 397 3012 113,
422 2946 473 2996 188
497 2962 538 3013 sq.
576 2947 669 3013 Peter,
693 2947 746 2999 Die
770 2946 991 3013 geschichtliche
1014 2946 1157 2998 Literatur
1176 2947 1191 2996 I
1213 2963 1240 3013 p.
1259 2946 1321 3010 881,
1345 2944 1459 2997 Schmid

281 3035 362 3102 apud
380 3035 531 3100 Pauly-W.
551 3036 592 3087 IV
610 3053 637 3102 p.
658 3036 734 3090 1248.

376 3121 397 3190 ⁶)
415 3125 604 3191 Imperatores
633 3126 667 3176 ab
700 3125 829 3191 epistulis
858 3124 986 3176 iecerunt
1015 3123 1141 3176 Graecis:
1171 3123 1332 3176 Hadrianus
1351 3123 1459 3176 Julium

287 3212 435 3265 Vestinum
454 3212 558 3279 (Pauly
577 3213 617 3264 Vl
635 3229 662 3280 p.
682 3213 772 3280 2522),
796 3212 958 3265 Hadrianus
982 3213 1041 3264 sive
1066 3212 1227 3264 Antoninus
1247 3213 1316 3264 Pius
1337 3213 1461 3264 Celerem

282 3301 333 3368 (V.
347 3301 374 3354 S.
389 3301 460 3364 122,
473 3302 511 3368 5),
529 3301 642 3353 Marcus
657 3302 791 3354 Aurelius
803 3302 995 3354 Alexandrum
1008 3299 1220 3368 Peloplatonem
1234 3303 1278 3367 (V.
1293 3301 1320 3355 S.
1335 3302 1366 3352 lI
1381 3302 1405 3365 5,
1425 3301 1462 3367 8),

288 3389 401 3440 Marcus
429 3389 563 3441 Aurelius
592 3397 620 3442 et
644 3390 817 3442 Commodus
846 3389 1053 3454 Cornelianum,
1082 3390 1262 3455 (Commodus
1290 3389 1382 3442 voluit
1409 3391 1464 3441 hoc

286 3493 392 3528 munus
412 3478 519 3528 deferre
544 3479 579 3530 ad
599 3479 774 3530 Hadrianum
793 3480 826 3532 V.
846 3480 873 3530 S.
893 3479 924 3529 11
945 3480 986 3544 10,
1009 3479 1044 3547 9),
1065 3479 1216 3544 Septimius
1241 3479 1360 3530 Severus
1383 3476 1462 3529 Anti·

286 3571 402 3634 patrum
421 3566 464 3633 (V.
484 3565 510 3620 S.
529 3567 622 3632 1124,
649 3568 775 3632 11125,
794 3567 830 3637 4),
858 3568 1004 3619 Caracalla
1029 3567 1178 3633 Aspasium
1198 3568 1244 3633 (V.
1264 3569 1291 3620 S.
1316 3568 1346 3618 II
1365 3567 1408 3632 88,
1427 3567 1465 3633 8).
