3402 5066
762 440 986 505 -72-

286 622 396 701 itaquo
406 621 511 705 ὀρθῶς
520 618 909 706 εἰρημέναοΡλιὶΙοελιυλο
918 618 1330 684 vooesAttioaehabentur.
1341 619 1464 702 Quodsi

287 728 425 809 Cyrinus
441 729 474 793 in
487 729 621 794 vooibus
637 727 757 792 Atticis
774 724 965 792 adhibendis
982 725 1171 806 magistrum
1187 732 1317 790 secutus
1328 732 1388 805 est,
1399 727 1463 790 Ha·

280 835 416 899 drlanus
437 853 561 914 quoque
575 834 741 900 vocabulis
755 833 986 899 vetustioribus
1006 832 1199 898 adhibendis
1217 850 1346 910 operam
1365 818 1461 899 dedit.

373 940 446 1007 Huc
465 941 600 1022 accedit,
619 941 702 1020 quod
719 945 945 1022 argumentum
961 937 1116 1004 Schmidii
1129 938 1153 1020 1)
1170 957 1210 1003 ex
1225 938 1293 1002 loh.
1310 938 1461 1004 Siceliota

284 1054 459 1130 sumptum,
484 1067 545 1128 quo
569 1046 769 1112 Hadrianum
799 1046 964 1112 vocabulis
1000 1065 1062 1110 non
1092 1047 1138 1109 ita
1164 1046 1338 1126 probandis
1368 1065 1461 1111 usum

279 1173 356 1220 esse
389 1155 494 1236 docet,
527 1173 565 1220 ex
599 1154 762 1219 oculorum
793 1170 902 1218 errore
927 1157 977 1218 est
1001 1157 1113 1216 ortum.
1155 1151 1266 1231 Neque
1291 1153 1376 1216 enim
1400 1153 1461 1218 hoo

279 1261 351 1327 loco
383 1261 423 1326 de
457 1261 621 1327 Hadriano
654 1262 773 1343 agitur,
814 1259 870 1325 sed
903 1259 943 1324 de
976 1260 1113 1338 Aspasia
1146 1258 1229 1337 qnod
1258 1259 1354 1323 velim
1388 1259 1460 1338 ipse

280 1368 373 1447 legas
385 1366 424 1451 ²):
448 1361 556 1450 ὥςγτερ
573 1369 590 1428 ὁ
610 1365 764 1445 Πολέμων
779 1365 834 1428 καλ
858 1367 874 1426 ὁ
892 1361 1053 1435 Ἆσττολσιος
1076 1365 1130 1426 καὶ
1154 1367 1241 1450 ὁτῆς
1257 1363 1360 1448 Γάζης
1377 1369 1459 1448 ΙΙρο-

279 1479 406 1544 abacos.
451 1473 594 1556 Quocum
616 1474 734 1539 iudioio
759 1473 878 1552 optime
902 1472 1051 1554 congruit
1074 1471 1116 1551 id,
1142 1471 1224 1551 quod
1241 1471 1458 1536 Philostratus

279 1581 322 1646 de
338 1581 477 1662 Aspasio
501 1581 602 1645 tradit
618 1578 669 1664 (V.
686 1579 716 1644 S.
732 1581 765 1644 ΙΙ
782 1577 835 1660 33,
862 1578 903 1660 1).
942 1579 1056 1657 Itaque
1077 1579 1138 1642 hoo
1161 1578 1230 1642 loeo
1251 1577 1291 1642 de
1309 1579 1457 1659 Aspasia,

278 1687 399 1768 agitur,
424 1705 487 1752 non
512 1687 552 1752 de
575 1687 750 1752 Hadriano.

370 1795 483 1874 Neque
500 1813 577 1860 vero
601 1795 704 1860 solnm
728 1795 761 1857 in
785 1793 953 1872 electione,
979 1791 1036 1856 sed
1058 1791 1156 1856 etiam
1176 1792 1207 1854 in
1227 1791 1457 1870 compositione

280 1901 451 1966 verborum
476 1901 675 1966 Hadrianum
706 1919 779 1966 osse
804 1899 981 1964 atticistam
1012 1916 1052 1962 ex
1075 1899 1144 1963 vita
1172 1899 1334 1978 Apollonii
1358 1898 1457 1964 Athe·

278 2007 401 2072 niensis
436 2007 588 2072 discimus
613 2006 665 2090 (V.
690 2007 719 2071 S.
744 2007 778 2070 H
802 2005 854 2085 20,
874 2005 921 2082 ·3).
967 2003 1101 2084 βαλβῐδα
1130 2003 1190 2083 μὲν
1219 2002 1256 2090 δὴ
1280 2012 1337 2066 τοῦ
1361 2003 1456 2082 λόγου

277 2107 530 2183 ὁἈττολλώνιος
554 2107 588 2174 ἐκ
613 2116 668 2196 τῆς
685 2107 845 2195 Ἀδριανοῦ
871 2109 958 2182 ἰδέας
983 2111 1133 2195 βέβληται
1157 2109 1214 2172 ἅτε
1237 2108 1274 2196 δὴ
1292 2112 1346 2171 καὶ
1363 2107 1455 2190 ἄκρο-

279 2218 358 2305 ατλγς
381 2225 562 2301 γενόμενος,
594 2218 815 2302 παραλλάττει
838 2214 963 2298 δ’ὅμιος
993 2213 1023 2289 ἐς
1053 2217 1197 2302 ῥυθμοὺς
1221 2213 1398 2297 ἐμμέτρους
1421 2237 1456 2278 τε

275 2327 334 2388 Ικαὶ
351 2325 585 2407 άνατταίοντας,
609 2323 663 2396 οὓς
681 2323 711 2387 εἰ
726 2325 912 2408 φυλάξαιτο,
932 2323 1161 2410 σεμνοπρεπὴς
1179 2321 1239 2409 τὴν
1256 2321 1456 2402 ἀπαγγελίαν

273 2432 370 2494 «δοκεῖ
389 2433 444 2494 καὶ
467 2434 616 2518 βεβηκώς.

370 2539 568 2621 Quamquam
592 2542 693 2622 igitur
708 2541 898 2620 Apollonius
922 2540 954 2603 in
979 2539 1166 2605 universum
1182 2537 1341 2602 Hadriani
1364 2555 1454 2617 prae-

274 2652 375 2726 eopta
408 2647 563 2727 sequitur,
595 2652 703 2712 tamen
734 2647 817 2726 quod
841 2646 984 2711 modulos
1009 2646 1151 2726 poeticos
1174 2645 1291 2710 inserit
1315 2644 1455 2709 sermoni

274 2751 433 2832 pedestri,
452 2755 492 2818 ab
509 2771 546 2819 eo
564 2754 736 2819 aberravit.
766 2754 881 2833 ltaque
898 2753 1008 2834 colligi
1024 2769 1159 2818 necesse
1176 2759 1236 2828 est,
1254 2751 1454 2815 Hadrianum

274 2860 328 2924 his
360 2859 496 2924 modulis
526 2859 629 2942 falsis
660 2861 713 2938 qni
743 2861 955 2942 castigantur,
990 2860 1142 2939 caruisse,
1168 2877 1246 2938 qnos
1271 2843 1463 2922 asianorum

274 2966 332 3044 qui
356 2966 509 3048 diountur
528 2966 694 3032 rhetorum
718 2967 865 3048 proprios
888 2966 991 3032 fuisse
1007 2972 1143 3046 apparet
1166 2984 1206 3031 ex
1223 2965 1364 3030 Theonis
1382 2983 1452 3044 pro-

279 3090 391 3153 gymn.
415 3092 444 3152 p.
470 3071 522 3152 71,
548 3071 591 3136 10
614 3071 666 3153 Sp.
687 3072 933 3154 „drapsddorwl
956 3069 1014 3158 τὴν
1032 3067 1193 3152 ἔμμετρον
1209 3072 1262 3132 καὶ
1288 3065 1453 3152 ἔνρυθμον

272 3177 363 3248 ,λέξιν
387 3180 428 3247 ὡς
451 3176 490 3239 τὰ
516 3176 621 3240 πολλὰ
645 3186 708 3241 τῶν
732 3172 882 3262 Ἡγησίου
906 3187 963 3239 τοῦ
988 3179 1118 3265 ῥήτορος
1142 3176 1195 3239 καὶ
1219 3186 1282 3238 τῶν
1306 3174 1453 3239 Ἀσιανῶν

272 3282 487 3362 καλουμένων
512 3287 686 3366 ῥητόρων).
733 3286 846 3350 Aelius
870 3287 982 3352 Theon
1011 3292 1117 3350 autem
1142 3285 1184 3349 Il.
1209 3305 1232 3349 s.
1257 3285 1352 3366 paulo
1376 3291 1452 3349 ante

275 3391 478 3457 Hadrianum
502 3392 594 3474 vixit,
625 3394 708 3471 qnod
733 3411 772 3458 ex
797 3393 925 3458 nomine
950 3392 1115 3474 gentilicio
1138 3399 1276 3472 apparet
1286 3390 1323 3474 ²³),
1347 3409 1452 3470 neque

274 3517 316 3564 ex
348 3499 491 3577 eoquod
521 3499 733 3564 hlenandrum
762 3499 952 3564 imitandum
984 3499 1148 3579 proposuit
1181 3499 1245 3563 iam
1282 3517 1306 3563 s.
1334 3499 1350 3562 Ι
1378 3517 1450 3563 eum

274 3605 398 3670 uixisse
440 3610 490 3670 est
526 3603 823 3690 concludendum),
865 3624 937 3670 cnm
977 3607 1076 3671 etiam
1109 3606 1143 3670 ΙΙ
1182 3625 1206 3670 s.
1238 3605 1451 3670 Menandrum

271 3747 485 3755 .----—

271 3833 343 3884 tiam
373 3835 480 3900 profert
507 3833 609 3886 Christ.
635 3836 653 3885 l.
677 3837 695 3886 l.
715 3851 740 3900 p.
766 3837 826 3900 768,
852 3837 901 3886 sed
928 3842 988 3888 arte
1013 3835 1154 3886 rhetorica
1174 3835 1303 3885 effoetum
1323 3849 1392 3897 esso,
1418 3838 1451 3883 ut

278 3922 469 3974 barbarismos
489 3923 626 3975 sermonis
645 3924 771 3988 vulgaris
791 3925 910 3976 evitaret
929 3933 957 3976 et
976 3940 1131 3975 sermonem
1151 3939 1215 3974 vere
1230 3923 1376 3986 Graecum,
1395 3922 1413 3972 i.
1427 3937 1451 3972 e.

273 4011 410 4077 Atticum,
431 4013 544 4077 coleret,
564 4028 647 4076 quem
665 4012 714 4063 illa
733 4019 825 4065 aetate
845 4015 906 4064 sola
924 4030 970 4064 ars
989 4013 1130 4064 rhetorica
1149 4013 1248 4063 dooere
1268 4012 1369 4078 potuit.

364 4099 386 4167 1)
405 4100 526 4165 Sohmid,
546 4101 603 4152 Dor
621 4101 789 4153 Atticismns
808 4102 823 4152 1
841 4118 868 4168 p.
888 4105 922 4152 47
941 4103 987 4154 fin.

360 4191 387 4256 ῃ)
406 4190 526 4254 Rakkan,
544 4191 691 4242 Aneodota
711 4190 818 4243 Graeca
837 4191 884 4242 III
905 4192 973 4242 1821
992 4209 1018 4258 p.
1042 4191 1117 4244 1463.

359 4276 385 4345 ³)
404 4278 499 4330 Ohrist
517 4279 535 4330 1.
555 4280 572 4332 l.
592 4296 618 4346 p.
639 4281 699 4330 782.

360 4368 383 4433 ¹²)
403 4367 600 4434 Wilamowitn,
619 4370 738 4420 Hermes
757 4370 868 4422 XXXV
885 4386 912 4436 p.
932 4373 956 4422 7.
