3402 5066
781 469 1000 534 -22-

372 659 466 736 χθέςῑ
496 649 611 718 έπὶδε·
638 659 697 715 τοῦ
725 647 761 714 ἐν
785 651 867 736 αὐτῇ

373 764 579 846 πραχθέντος
608 757 735 838 χθιζόν,
768 751 867 819 ἕωλον

306 869 340 955 2)
374 870 391 934 Ι
419 869 460 933 68
491 865 569 950 περὶ
596 865 687 954 ηλίου
715 859 867 932 ἐπιτολάς

308 1186 340 1269 3)
374 1187 392 1252 Ι
426 1186 488 1250 166
517 1180 721 1264 καταβαλεῖν,
753 1178 867 1259 αἰχμα-

374 1292 515 1374 λωτίσαι,
536 1290 726 1370 ἀπαγαγεῖν,

309 1723 342 1801 4)
377 1719 394 1784 Ι
418 1718 482 1782 224
499 1712 582 1799 ἐρεῖς
604 1712 639 1777 δέ
656 1711 806 1792 ἄμπελον
821 1765 828 1778 .
842 1763 868 1776 ..

377 1820 502 1907 κλάσαι,
526 1821 698 1884 κλαδεῦσαι

314 2040 346 2120 5)
380 2038 454 2102 ΙΙ7
483 2039 585 2116 τόκος,
614 2037 725 2110 τίκτει,
751 2025 871 2114 ἐπίτεξ,

382 2138 540 2226 ἐπίφορος
563 2141 617 2203 καὶ
641 2134 790 2208 έπίτοκος

316 2465 350 2545 6)
386 2463 420 2528 11
441 2460 482 2524 15
504 2460 627 2539 λέγοιτο
642 2449 717 2520 δ’ἀν
729 2458 783 2536 (se.
801 2457 875 2535 ἀγέ-

384 2567 462 2652 ρων)
586 2569 626 2636 ὡς
655 2555 739 2628 εἶναι
763 2561 876 2646 σφαλε-

385 2678 470 2759 ρούς,
510 2669 689 2754 ἀβεβαίους,
726 2672 875 2753 παραφό-

386 2802 470 2864 ρους,
484 2778 681 2860 ἀπαγεῖς,οά
695 2779 877 2858 στασίμους,

385 2891 443 2950 οὐκ
467 2877 649 2955 εάσταθεῖς.

320 2998 352 3073 7)
386 2994 420 3060 ΙΙ
446 2993 508 3057 157
538 2992 575 3053 τὰ
598 2986 713 3053 δἀἀτδ
736 2989 791 3051 καὶ
815 3009 877 3051 πα-

387 3097 499 3186 λαιστι)
512 3096 660 3182 θηλυκῶς
683 3095 737 3158 καὶ
761 3094 880 3158 παλαι-

389 3203 463 3292 στης
487 3202 661 3288 ἀρρενικῶς

324 3635 355 3715 8)
390 3635 424 3700 II
441 3631 504 3699 162
526 3631 563 3694 τὸ
586 3629 621 3693 δέ
638 3635 768 3715 στηθῶν
783 3634 883 3709 μέσον

391 3741 566 3824 οτηθύνιον

921 645 994 710 ἀντὶ
1030 645 1065 710 δὲ
1106 653 1163 709 τοῦ
1201 644 1311 724 χθιζὸν
1343 639 1483 728 ἐροῦμεν

921 757 1083 833 γθεοινόν,
1108 804 1145 818 ..

967 860 1030 925 102
1054 882 1084 942 p.
1109 857 1174 923 204
1195 860 1223 925 R
1248 859 1312 927 124
1336 861 1363 924 L
1387 855 1479 923 Ἀνα·

920 966 1025 1031 τέλλει
1051 964 1113 1045 μὲν
1137 959 1219 1049 ἐρεῖς
1243 968 1260 1027 ὁ
1284 962 1379 1053 ἥλιος,
1409 962 1482 1030 ἐπι-

921 1073 1025 1136 τέλλει
1046 1071 1082 1135 δὲ
1106 1076 1123 1135 ὁ
1147 1076 1242 1147 κτίσιν,
1267 1127 1273 1139 .
1299 1126 1305 1138 .
1330 1126 1336 1138 .

967 1180 1031 1246 407
1048 1201 1078 1262 p.
1089 1181 1155 1245 500
1168 1179 1310 1245 84421,
1323 1177 1482 1260 αἰχμαλω-

923 1289 1089 1374 τισθῆναι·
1103 1282 1199 1349 τοῦθ’
1209 1286 1309 1358 οἱίτιυς
1325 1284 1483 1368 ἀδόκιμον

923 1397 964 1465 ὡς
987 1392 1068 1478 μηδὲ
1087 1393 1277 1476 Μένανδρον
1300 1393 1388 1478 αὐτῷ
1410 1395 1482 1482 χρή-

923 1483 1052 1566 σασθαι,
1079 1483 1218 1563 διαλίιον
1241 1491 1299 1562 οὖν
1323 1499 1396 1580 λέγε
1416 1499 1480 1580 αι’χ·

922 1604 1073 1687 μάλωτον
1097 1609 1259 1686 γενέσθαι.

970 1714 1033 1778 149
1062 1734 1091 1794 p.
1116 1711 1233 1779 255R
1262 1712 1325 1778 172
1349 1715 1377 1780 L
1404 1714 1487 1778 κλᾶν

925 1818 1092 1899 ἀμπέλους
1114 1819 1211 1902 φαθὶ,
1240 1818 1322 1883 ἀλλὰ
1343 1819 1388 1909 μη
1412 1821 1484 1884 κλα-

924 1927 1038 1991 δεύειν.

955 2032 1038 2118 Ι310
1069 2054 1098 2115 p.
1123 2032 1187 2097 417
1211 2033 1241 2098 R
1268 2031 1385 2097 333L
1415 2030 1485 2098 ἐπί·

927 2161 1019 2211 τοκος
1047 2137 1066 2226 ι)
1099 2137 1177 2226 γυνν)
1205 2136 1363 2219 ἀδοκίμοις
1391 2133 1489 2204 εἶπεν

927 2242 1126 2331 Ἀντιφάνης
1163 2248 1180 2307 ὁ
1211 2248 1375 2332 κωμιράδς,
1413 2249 1490 2312 δέον

928 2349 1042 2425 ἐπίτεξ
1064 2349 1181 2416 εἰπεῖν.

973 2480 1004 2524 n.
1036 2457 1100 2522 248
1140 2480 1169 2541 p.
1202 2457 1265 2525 347
1297 2461 1327 2527 R
1361 2461 1426 2526 282
1459 2463 1488 2528 L

931 2562 1117 2648 εὐπάθεια,
1128 2567 1300 2656 εὐσταθης,
1308 2571 1418 2631 πόθεν
1434 2569 1489 2631 καὶ

930 2681 1033 2736 ταῦτα
1067 2669 1113 2743 εἰς
1143 2671 1202 2759 τὴν
1233 2682 1299 2735 τῶν
1327 2667 1492 2761 Ἑλλήνων

930 2776 1041 2866 φωνὴν
1074 2776 1227 2865 εἰςερριίη,
1264 2777 1491 2860 ἀδοκιμώτατα

932 2889 1021 2969 ὄντα,
1044 2885 1213 2970 φροντίδος
1236 2887 1325 2960 ἀξιον
1349 2940 1356 2954 .
1379 2939 1386 2954 .
1411 2940 1417 2954 ,

975 3013 1007 3059 n.
1024 2992 1089 3058 264
1112 3012 1141 3074 p.
1159 2992 1268 3059 356R
1292 2993 1356 3059 295
1381 2996 1407 3060 L
1430 3016 1492 3056 πα-

933 3097 1033 3184 λασττ)
1057 3107 1094 3160 το
1121 3103 1240 3182 μέτρον
1264 3100 1319 3163 καὶ
1345 3101 1493 3187 θηλυκῶς

900 3267 902 3271 ,
933 3205 1059 3284 λέγεται
1087 3206 1141 3267 καὶ
1172 3206 1252 3268 ἀνευ
1279 3218 1336 3270 τοῦ
1361 3228 1387 3269 ι·
1411 3205 1494 3286 ἀμα-

934 3315 1006 3382 θεῖς
1037 3307 1109 3374 δὀί
1140 3311 1286 3392 λέγοντες
1323 3313 1380 3376 σὺν
1409 3317 1453 3400 τῷ
1482 3337 1495 3376 ι

935 3418 990 3481 καὶ
1013 3419 1071 3481 συν
1094 3422 1175 3505 τῴσ
1195 3413 1384 3507 παλαιστής,
1413 3422 1495 3500 ὁμω-

936 3528 1043 3606 νύμως
1066 3529 1111 3611 τῷ
1134 3523 1270 3610 ἀθλητῇ,
1296 3577 1302 3591 .
1327 3577 1332 3589 .
1358 3579 1364 3592 .

980 3651 1011 3697 n.
1042 3631 1106 3695 361
1141 3652 1172 3713 p.
1204 3633 1269 3696 477
1302 3633 1332 3698 R
1369 3632 1433 3697 384
1466 3635 1496 3697 L

937 3737 1498 3821 Στηθίνιονάρνιθίουλέγουσίτινες

939 3847 997 3924 οὐχ
1031 3845 1130 3922 ὑγιῶς.
1170 3842 1202 3906 εἰ
1229 3843 1290 3928 γὰρ
1327 3843 1385 3932 χρὴ
1418 3846 1498 3909 οπο·

939 3953 1123 4034 κοριστικῶς
1149 3950 1262 4031 λέγειν,
1294 3950 1364 4031 λέγε
1388 3956 1498 4037 στηθί-

938 4058 1021 4122 διον·
1054 4054 1084 4120 εἰ
1121 4054 1220 4121 δὀὐκ
1258 4053 1345 4120 ἐστιν
1380 4058 1498 4120 ὑποκο-

940 4168 1089 4249 ριστικόν,
1110 4166 1221 4227 πόθεν
1237 4162 1428 4242 εἰςεκώμασε
1445 4166 1500 4227 καὶ

939 4280 1036 4335 τοῦτο
1060 4272 1097 4334 τὸ
1121 4271 1221 4333 κακδν
1248 4274 1289 4357 τῇ
1311 4272 1375 4333 τῶν
1391 4264 1501 4359 Ἑλλή-

941 4398 1006 4439 νων
1027 4381 1119 4464 φωνῇ
1126 4401 1134 4462 ;
