<?xml version="1.0" encoding="UTF-8"?>
<!DOCTYPE html PUBLIC "-//W3C//DTD XHTML 1.0 Transitional//EN"
    "http://www.w3.org/TR/xhtml1/DTD/xhtml1-transitional.dtd">
<html xmlns="http://www.w3.org/1999/xhtml" xml:lang="en" lang="en">
 <head>
  <title>
</title>
<meta http-equiv="Content-Type" content="text/html;charset=utf-8" />
  <meta name='ocr-system' content='tesseract 3.04.00' />
  <meta name='ocr-capabilities' content='ocr_page ocr_carea ocr_par ocr_line ocrx_word'/>
</head>
<body>
  <div class='ocr_page' id='page_1' title='image "./depollucisetphr00naecgoog_0071.png"; bbox 0 0 3402 5066; ppageno 0'>
   <div class='ocr_carea' id='block_1_1' title="bbox 771 483 992 546">
    <p class='ocr_par' dir='ltr' id='par_1_1' title="bbox 771 483 992 546">
     <span class='ocr_line' id='line_1_1' title="bbox 771 483 992 546; baseline 0 -16"><span class='ocrx_word' id='word_1_1' title='bbox 771 483 992 546; x_wconf 70' lang='grc'>..58-</span> 
     </span>
    </p>
   </div>
   <div class='ocr_carea' id='block_1_2' title="bbox 297 659 1482 846">
    <p class='ocr_par' dir='ltr' id='par_1_2' title="bbox 297 659 1482 846">
     <span class='ocr_line' id='line_1_2' title="bbox 297 659 1482 742; baseline 0.002 -19"><span class='ocrx_word' id='word_1_2' title='bbox 297 659 344 724; x_wconf 86' lang='lat' dir='ltr'>ita</span> <span class='ocrx_word' id='word_1_3' title='bbox 379 669 578 742; x_wconf 81' lang='lat' dir='ltr'>quantopere</span> <span class='ocrx_word' id='word_1_4' title='bbox 613 661 646 724; x_wconf 94' lang='lat' dir='ltr'>in</span> <span class='ocrx_word' id='word_1_5' title='bbox 682 661 819 741; x_wconf 80' lang='lat' dir='ltr'>singulis</span> <span class='ocrx_word' id='word_1_6' title='bbox 855 679 980 739; x_wconf 92' lang='lat' dir='ltr'>quoque</span> <span class='ocrx_word' id='word_1_7' title='bbox 1013 680 1032 725; x_wconf 88' lang='lat' dir='ltr'>a</span> <span class='ocrx_word' id='word_1_8' title='bbox 1064 661 1291 741; x_wconf 83' lang='lat' dir='ltr'>Xenophontis</span> <span class='ocrx_word' id='word_1_9' title='bbox 1326 678 1482 725; x_wconf 86' lang='lat' dir='ltr'>sermone·</span> 
     </span>
     <span class='ocr_line' id='line_1_3' title="bbox 298 766 825 846; baseline 0 -17"><span class='ocrx_word' id='word_1_10' title='bbox 298 766 448 846; x_wconf 85' lang='lat' dir='ltr'>pendeat,</span> <span class='ocrx_word' id='word_1_11' title='bbox 472 767 570 832; x_wconf 87' lang='lat' dir='ltr'>liceat</span> <span class='ocrx_word' id='word_1_12' title='bbox 593 766 825 832; x_wconf 87' lang='lat' dir='ltr'>demonstrare.</span> 
     </span>
    </p>
   </div>
   <div class='ocr_carea' id='block_1_3' title="bbox 299 889 1487 2573">
    <p class='ocr_par' dir='ltr' id='par_1_3' title="bbox 299 889 1487 2573">
     <span class='ocr_line' id='line_1_4' title="bbox 389 889 1473 971; baseline 0 -17"><span class='ocrx_word' id='word_1_13' title='bbox 389 894 496 970; x_wconf 83' lang='lat' dir='ltr'>Atque</span> <span class='ocrx_word' id='word_1_14' title='bbox 512 891 639 956; x_wconf 91' lang='lat' dir='ltr'>initium</span> <span class='ocrx_word' id='word_1_15' title='bbox 656 892 819 971; x_wconf 87' lang='lat' dir='ltr'>capiamus</span> <span class='ocrx_word' id='word_1_16' title='bbox 835 893 876 956; x_wconf 91' lang='lat' dir='ltr'>ab</span> <span class='ocrx_word' id='word_1_17' title='bbox 892 891 944 956; x_wconf 93' lang='lat' dir='ltr'>his</span> <span class='ocrx_word' id='word_1_18' title='bbox 957 892 1067 956; x_wconf 87' lang='lat' dir='ltr'>verbis</span> <span class='ocrx_word' id='word_1_19' title='bbox 1080 911 1108 971; x_wconf 92' lang='lat' dir='ltr'>p.</span> <span class='ocrx_word' id='word_1_20' title='bbox 1126 889 1179 970; x_wconf 86' lang='lat'>50,</span> <span class='ocrx_word' id='word_1_21' title='bbox 1198 891 1217 953; x_wconf 86' lang='lat'><strong>3</strong></span> <span class='ocrx_word' id='word_1_22' title='bbox 1235 891 1309 956; x_wconf 91' lang='lat' dir='ltr'>edit.</span> <span class='ocrx_word' id='word_1_23' title='bbox 1327 890 1473 955; x_wconf 86' lang='lat' dir='ltr'>Hinckii:</span> 
     </span>
     <span class='ocr_line' id='line_1_5' title="bbox 300 991 1484 1078; baseline -0.002 -21"><span class='ocrx_word' id='word_1_24' title='bbox 300 995 330 1058; x_wconf 82' lang='grc' dir='ltr'>οἱ</span> <span class='ocrx_word' id='word_1_25' title='bbox 365 991 457 1078; x_wconf 74' lang='grc' dir='ltr'><em>δ’ἐφ’</em></span> <span class='ocrx_word' id='word_1_26' title='bbox 486 994 602 1057; x_wconf 82' lang='grc' dir='ltr'><em>ἵππων</em></span> <span class='ocrx_word' id='word_1_27' title='bbox 633 992 803 1058; x_wconf 81' lang='grc' dir='ltr'><em>ἐλαύνουσι</em></span> <span class='ocrx_word' id='word_1_28' title='bbox 832 999 991 1078; x_wconf 77' lang='grc' dir='ltr'><em>Νισαίων,</em></span> <span class='ocrx_word' id='word_1_29' title='bbox 1030 1005 1093 1058; x_wconf 84' lang='grc' dir='ltr'>τῶν</span> <span class='ocrx_word' id='word_1_30' title='bbox 1120 996 1182 1075; x_wconf 83' lang='grc' dir='ltr'>μὲν</span> <span class='ocrx_word' id='word_1_31' title='bbox 1211 1000 1266 1058; x_wconf 90' lang='grc' dir='ltr'>τδυ</span> <span class='ocrx_word' id='word_1_32' title='bbox 1295 996 1484 1075; x_wconf 88' lang='grc' dir='ltr'><em>πολεμικδν·</em></span> 
     </span>
     <span class='ocr_line' id='line_1_6' title="bbox 299 1098 1479 1187; baseline -0.003 -22"><span class='ocrx_word' id='word_1_33' title='bbox 299 1108 423 1185; x_wconf 81' lang='grc' dir='ltr'><strong><em>τρόπον</em></strong></span> <span class='ocrx_word' id='word_1_34' title='bbox 463 1098 704 1181; x_wconf 80' lang='grc' dir='ltr'><strong><em>ἐσκευασμένων</em></strong></span> <span class='ocrx_word' id='word_1_35' title='bbox 736 1103 1010 1184; x_wconf 78' lang='grc' dir='ltr'><em>προμετωπιδίοις</em></span> <span class='ocrx_word' id='word_1_36' title='bbox 1046 1123 1081 1164; x_wconf 88' lang='grc' dir='ltr'>τε</span> <span class='ocrx_word' id='word_1_37' title='bbox 1117 1103 1171 1164; x_wconf 81' lang='grc' dir='ltr'><em>καὶ</em></span> <span class='ocrx_word' id='word_1_38' title='bbox 1203 1102 1389 1187; x_wconf 89' lang='grc' dir='ltr'><em>στερνιδίοις</em></span> <span class='ocrx_word' id='word_1_39' title='bbox 1421 1103 1479 1163; x_wconf 79' lang='grc' dir='ltr'><em>καὶ</em></span> 
     </span>
     <span class='ocr_line' id='line_1_7' title="bbox 301 1207 1484 1294; baseline 0 -23"><span class='ocrx_word' id='word_1_40' title='bbox 301 1209 604 1293; x_wconf 80' lang='grc' dir='ltr'><em>παραπλευριδίοις·</em></span> <span class='ocrx_word' id='word_1_41' title='bbox 641 1209 695 1271; x_wconf 81' lang='grc' dir='ltr'><em>καὶ</em></span> <span class='ocrx_word' id='word_1_42' title='bbox 731 1209 955 1294; x_wconf 81' lang='grc' dir='ltr'><em>παραμηρίδια</em></span> <span class='ocrx_word' id='word_1_43' title='bbox 990 1217 1065 1279; x_wconf 48' lang='grc' dir='ltr'><em>’τοῖς</em></span> <span class='ocrx_word' id='word_1_44' title='bbox 1107 1207 1246 1271; x_wconf 81' lang='grc' dir='ltr'><em>ἱππεῦσι</em></span> <span class='ocrx_word' id='word_1_45' title='bbox 1286 1213 1484 1293; x_wconf 86' lang='grc' dir='ltr'><em>περίκειται..</em></span> 
     </span>
     <span class='ocr_line' id='line_1_8' title="bbox 300 1315 1477 1395; baseline 0.001 -15"><span class='ocrx_word' id='word_1_46' title='bbox 300 1315 422 1382; x_wconf 80' lang='lat' dir='ltr'>Eadem</span> <span class='ocrx_word' id='word_1_47' title='bbox 458 1336 548 1381; x_wconf 85' lang='lat' dir='ltr'>arma</span> <span class='ocrx_word' id='word_1_48' title='bbox 583 1335 736 1395; x_wconf 93' lang='lat' dir='ltr'>equorum</span> <span class='ocrx_word' id='word_1_49' title='bbox 774 1325 807 1381; x_wconf 89' lang='lat' dir='ltr'>et</span> <span class='ocrx_word' id='word_1_50' title='bbox 838 1317 981 1395; x_wconf 89' lang='lat' dir='ltr'>equitum</span> <span class='ocrx_word' id='word_1_51' title='bbox 1017 1316 1129 1382; x_wconf 89' lang='lat' dir='ltr'>eodem</span> <span class='ocrx_word' id='word_1_52' title='bbox 1163 1317 1275 1381; x_wconf 87' lang='lat' dir='ltr'>ordine</span> <span class='ocrx_word' id='word_1_53' title='bbox 1309 1324 1477 1382; x_wconf 87' lang='lat' dir='ltr'>enumerat</span> 
     </span>
     <span class='ocr_line' id='line_1_9' title="bbox 301 1420 1477 1506; baseline -0.003 -20"><span class='ocrx_word' id='word_1_54' title='bbox 301 1424 483 1502; x_wconf 89' lang='lat' dir='ltr'>Xenophon</span> <span class='ocrx_word' id='word_1_55' title='bbox 509 1423 624 1505; x_wconf 80' lang='lat' dir='ltr'>Cyrop.</span> <span class='ocrx_word' id='word_1_56' title='bbox 640 1423 659 1487; x_wconf 93' lang='lat' dir='ltr'>l.</span> <span class='ocrx_word' id='word_1_57' title='bbox 677 1422 742 1486; x_wconf 84' lang='lat' dir='ltr'>VII</span> <span class='ocrx_word' id='word_1_58' title='bbox 761 1427 790 1503; x_wconf 87' lang='grc'>1,</span> <span class='ocrx_word' id='word_1_59' title='bbox 816 1424 834 1484; x_wconf 85' lang='grc'>2</span> <span class='ocrx_word' id='word_1_60' title='bbox 852 1423 941 1503; x_wconf 83' lang='lat' dir='ltr'>Hug:</span> <span class='ocrx_word' id='word_1_61' title='bbox 966 1420 997 1483; x_wconf 85' lang='grc' dir='ltr'>οἱ</span> <span class='ocrx_word' id='word_1_62' title='bbox 1020 1421 1055 1484; x_wconf 83' lang='grc' dir='ltr'>δὲ</span> <span class='ocrx_word' id='word_1_63' title='bbox 1080 1421 1180 1484; x_wconf 84' lang='grc' dir='ltr'><em>ἵπποι</em></span> <span class='ocrx_word' id='word_1_64' title='bbox 1197 1423 1252 1504; x_wconf 88' lang='lat' dir='ltr'>(so.</span> <span class='ocrx_word' id='word_1_65' title='bbox 1267 1421 1477 1506; x_wconf 76' lang='grc' dir='ltr'><em>ὡπλισμένοι)</em></span> 
     </span>
     <span class='ocr_line' id='line_1_10' title="bbox 301 1528 1476 1613; baseline 0 -23"><span class='ocrx_word' id='word_1_66' title='bbox 301 1529 577 1609; x_wconf 82' lang='grc' dir='ltr'><em>προμετωπιδίοις</em></span> <span class='ocrx_word' id='word_1_67' title='bbox 605 1529 659 1591; x_wconf 85' lang='grc' dir='ltr'><em>καὶ</em></span> <span class='ocrx_word' id='word_1_68' title='bbox 687 1529 943 1613; x_wconf 80' lang='grc' dir='ltr'><em>προστερνιδίοις</em></span> <span class='ocrx_word' id='word_1_69' title='bbox 975 1530 1029 1591; x_wconf 87' lang='grc' dir='ltr'><em>καὶ</em></span> <span class='ocrx_word' id='word_1_70' title='bbox 1060 1531 1310 1612; x_wconf 81' lang='grc' dir='ltr'><em>παραμηριδίοις</em></span> <span class='ocrx_word' id='word_1_71' title='bbox 1337 1528 1476 1608; x_wconf 80' lang='grc' dir='ltr'><em>χαλκοῖς·</em></span> 
     </span>
     <span class='ocr_line' id='line_1_11' title="bbox 300 1619 1476 1722; baseline 0.002 -26"><span class='ocrx_word' id='word_1_72' title='bbox 300 1634 340 1696; x_wconf 85' lang='grc' dir='ltr'>τὰ</span> <span class='ocrx_word' id='word_1_73' title='bbox 364 1629 486 1698; x_wconf 79' lang='grc' dir='ltr'><em>δἀὐτὰ</em></span> <span class='ocrx_word' id='word_1_74' title='bbox 511 1644 613 1698; x_wconf 81' lang='grc' dir='ltr'><em>ταῦτα</em></span> <span class='ocrx_word' id='word_1_75' title='bbox 639 1635 863 1719; x_wconf 80' lang='grc' dir='ltr'><em>παραμηρίδια</em></span> <span class='ocrx_word' id='word_1_76' title='bbox 886 1619 926 1720; x_wconf 75' lang='grc' dir='ltr'>ἦν</span> <span class='ocrx_word' id='word_1_77' title='bbox 947 1635 1001 1697; x_wconf 78' lang='grc' dir='ltr'><em>καὶ</em></span> <span class='ocrx_word' id='word_1_78' title='bbox 1023 1640 1068 1722; x_wconf 71' lang='grc' dir='ltr'>τῷ</span> <span class='ocrx_word' id='word_1_79' title='bbox 1085 1635 1186 1718; x_wconf 81' lang='grc' dir='ltr'><em>ἀνδρί,</em></span> <span class='ocrx_word' id='word_1_80' title='bbox 1211 1636 1251 1702; x_wconf 84' lang='lat' dir='ltr'>de</span> <span class='ocrx_word' id='word_1_81' title='bbox 1274 1655 1310 1702; x_wconf 88' lang='lat' dir='ltr'>re</span> <span class='ocrx_word' id='word_1_82' title='bbox 1335 1635 1476 1715; x_wconf 87' lang='lat' dir='ltr'>equestri</span> 
     </span>
     <span class='ocr_line' id='line_1_12' title="bbox 300 1740 1482 1827; baseline -0.005 -19"><span class='ocrx_word' id='word_1_83' title='bbox 300 1761 326 1807; x_wconf 76' lang='lat' dir='ltr'>c,</span> <span class='ocrx_word' id='word_1_84' title='bbox 350 1743 417 1806; x_wconf 87' lang='lat' dir='ltr'>XII</span> <span class='ocrx_word' id='word_1_85' title='bbox 441 1744 461 1807; x_wconf 88' lang='lat'>8</span> <span class='ocrx_word' id='word_1_86' title='bbox 493 1741 635 1815; x_wconf 80' lang='grc' dir='ltr'><em>ὁπλίζειν</em></span> <span class='ocrx_word' id='word_1_87' title='bbox 665 1743 718 1804; x_wconf 84' lang='grc' dir='ltr'>δεῖ</span> <span class='ocrx_word' id='word_1_88' title='bbox 742 1743 796 1802; x_wconf 84' lang='grc' dir='ltr'><em>καὶ</em></span> <span class='ocrx_word' id='word_1_89' title='bbox 820 1742 876 1803; x_wconf 88' lang='grc' dir='ltr'>τδν</span> <span class='ocrx_word' id='word_1_90' title='bbox 908 1740 1015 1805; x_wconf 82' lang='grc' dir='ltr'><em>ἵππον</em></span> <span class='ocrx_word' id='word_1_91' title='bbox 1040 1743 1292 1827; x_wconf 77' lang='grc' dir='ltr'><em>προμετωπιδίηι</em></span> <span class='ocrx_word' id='word_1_92' title='bbox 1320 1743 1375 1804; x_wconf 84' lang='grc' dir='ltr'><em>καὶ</em></span> <span class='ocrx_word' id='word_1_93' title='bbox 1399 1763 1482 1822; x_wconf 85' lang='grc' dir='ltr'><em>προ·</em></span> 
     </span>
     <span class='ocr_line' id='line_1_13' title="bbox 302 1847 1479 1934; baseline -0.001 -24"><span class='ocrx_word' id='word_1_94' title='bbox 302 1849 466 1933; x_wconf 84' lang='grc' dir='ltr'><em>στερνιδίηι</em></span> <span class='ocrx_word' id='word_1_95' title='bbox 498 1851 552 1911; x_wconf 84' lang='grc' dir='ltr'><em>καὶ</em></span> <span class='ocrx_word' id='word_1_96' title='bbox 577 1849 842 1932; x_wconf 89' lang='grc' dir='ltr'><em>παραμηριδίοις·</em></span> <span class='ocrx_word' id='word_1_97' title='bbox 871 1857 974 1911; x_wconf 78' lang='grc' dir='ltr'><em>ταῦτα</em></span> <span class='ocrx_word' id='word_1_98' title='bbox 1003 1848 1061 1934; x_wconf 81' lang='grc' dir='ltr'>γὰρ</span> <span class='ocrx_word' id='word_1_99' title='bbox 1086 1849 1153 1929; x_wconf 77' lang='grc' dir='ltr'><em>ἅμα</em></span> <span class='ocrx_word' id='word_1_100' title='bbox 1182 1850 1237 1910; x_wconf 80' lang='grc' dir='ltr'><em>καὶ</em></span> <span class='ocrx_word' id='word_1_101' title='bbox 1265 1851 1309 1934; x_wconf 72' lang='grc' dir='ltr'>τῷ</span> <span class='ocrx_word' id='word_1_102' title='bbox 1333 1847 1479 1933; x_wconf 76' lang='grc' dir='ltr'><em>ἀναβάτη</em></span> 
     </span>
     <span class='ocr_line' id='line_1_14' title="bbox 302 1955 1482 2040; baseline 0.003 -24"><span class='ocrx_word' id='word_1_103' title='bbox 302 1955 526 2040; x_wconf 83' lang='grc' dir='ltr'><em>παραμηρίδια</em></span> <span class='ocrx_word' id='word_1_104' title='bbox 543 1959 691 2034; x_wconf 80' lang='grc' dir='ltr'><em>γίγνεται.</em></span> <span class='ocrx_word' id='word_1_105' title='bbox 717 1955 840 2037; x_wconf 78' lang='lat' dir='ltr'>Quibus</span> <span class='ocrx_word' id='word_1_106' title='bbox 857 1956 891 2020; x_wconf 93' lang='lat' dir='ltr'>in</span> <span class='ocrx_word' id='word_1_107' title='bbox 908 1958 1082 2022; x_wconf 84' lang='lat' dir='ltr'>sententiis</span> <span class='ocrx_word' id='word_1_108' title='bbox 1098 1957 1324 2037; x_wconf 88' lang='lat' dir='ltr'>Xenophontis</span> <span class='ocrx_word' id='word_1_109' title='bbox 1341 1956 1482 2022; x_wconf 87' lang='lat' dir='ltr'>Weiske</span> 
     </span>
     <span class='ocr_line' id='line_1_15' title="bbox 301 2061 1478 2145; baseline -0.002 -20"><span class='ocrx_word' id='word_1_110' title='bbox 301 2063 447 2127; x_wconf 81' lang='lat' dir='ltr'>restituit</span> <span class='ocrx_word' id='word_1_111' title='bbox 477 2061 727 2145; x_wconf 87' lang='grc' dir='ltr'><em>παραμηριδίοις</em></span> <span class='ocrx_word' id='word_1_112' title='bbox 755 2081 813 2142; x_wconf 90' lang='lat' dir='ltr'>pro</span> <span class='ocrx_word' id='word_1_113' title='bbox 843 2081 880 2128; x_wconf 85' lang='lat' dir='ltr'>eo</span> <span class='ocrx_word' id='word_1_114' title='bbox 911 2062 994 2141; x_wconf 90' lang='lat' dir='ltr'>quod</span> <span class='ocrx_word' id='word_1_115' title='bbox 1024 2063 1178 2128; x_wconf 85' lang='lat' dir='ltr'>traditum</span> <span class='ocrx_word' id='word_1_116' title='bbox 1208 2071 1259 2128; x_wconf 84' lang='lat' dir='ltr'>est</span> <span class='ocrx_word' id='word_1_117' title='bbox 1283 2061 1478 2143; x_wconf 91' lang='grc' dir='ltr'><em>παραπλευ-</em></span> 
     </span>
     <span class='ocr_line' id='line_1_16' title="bbox 302 2167 1477 2251; baseline 0.003 -22"><span class='ocrx_word' id='word_1_118' title='bbox 302 2167 421 2251; x_wconf 85' lang='grc' dir='ltr'><em>ριδίοις,</em></span> <span class='ocrx_word' id='word_1_119' title='bbox 452 2170 522 2234; x_wconf 88' lang='lat' dir='ltr'>sine</span> <span class='ocrx_word' id='word_1_120' title='bbox 551 2169 647 2234; x_wconf 87' lang='lat' dir='ltr'>dubio</span> <span class='ocrx_word' id='word_1_121' title='bbox 675 2176 775 2248; x_wconf 88' lang='lat' dir='ltr'>recte,</span> <span class='ocrx_word' id='word_1_122' title='bbox 808 2188 877 2233; x_wconf 88' lang='lat' dir='ltr'>cum</span> <span class='ocrx_word' id='word_1_123' title='bbox 906 2169 957 2234; x_wconf 90' lang='lat' dir='ltr'>his</span> <span class='ocrx_word' id='word_1_124' title='bbox 986 2169 1065 2234; x_wconf 88' lang='lat' dir='ltr'>locis</span> <span class='ocrx_word' id='word_1_125' title='bbox 1089 2178 1206 2250; x_wconf 83' lang='lat' dir='ltr'>agatur</span> <span class='ocrx_word' id='word_1_126' title='bbox 1234 2170 1274 2234; x_wconf 89' lang='lat' dir='ltr'>de</span> <span class='ocrx_word' id='word_1_127' title='bbox 1303 2170 1350 2234; x_wconf 86' lang='lat' dir='ltr'>eis</span> <span class='ocrx_word' id='word_1_128' title='bbox 1374 2170 1477 2250; x_wconf 91' lang='lat' dir='ltr'>equis,</span> 
     </span>
     <span class='ocr_line' id='line_1_17' title="bbox 302 2275 1478 2356; baseline 0 -17"><span class='ocrx_word' id='word_1_129' title='bbox 302 2277 355 2354; x_wconf 92' lang='lat' dir='ltr'>qui</span> <span class='ocrx_word' id='word_1_130' title='bbox 380 2276 506 2354; x_wconf 89' lang='lat' dir='ltr'>equites</span> <span class='ocrx_word' id='word_1_131' title='bbox 530 2275 651 2356; x_wconf 84' lang='lat' dir='ltr'>ierunt,</span> <span class='ocrx_word' id='word_1_132' title='bbox 675 2294 737 2341; x_wconf 94' lang='lat' dir='ltr'>non</span> <span class='ocrx_word' id='word_1_133' title='bbox 764 2276 804 2340; x_wconf 89' lang='lat' dir='ltr'>de</span> <span class='ocrx_word' id='word_1_134' title='bbox 828 2276 888 2356; x_wconf 87' lang='lat' dir='ltr'>eis,</span> <span class='ocrx_word' id='word_1_135' title='bbox 912 2277 966 2354; x_wconf 93' lang='lat' dir='ltr'>qui</span> <span class='ocrx_word' id='word_1_136' title='bbox 995 2295 1123 2340; x_wconf 92' lang='lat' dir='ltr'>currum</span> <span class='ocrx_word' id='word_1_137' title='bbox 1147 2277 1290 2353; x_wconf 87' lang='lat' dir='ltr'>trahunt,</span> <span class='ocrx_word' id='word_1_138' title='bbox 1315 2282 1349 2341; x_wconf 89' lang='lat' dir='ltr'>et</span> <span class='ocrx_word' id='word_1_139' title='bbox 1371 2275 1478 2340; x_wconf 92' lang='lat' dir='ltr'>Xeno·</span> 
     </span>
     <span class='ocr_line' id='line_1_18' title="bbox 303 2368 1483 2465; baseline -0.003 -19"><span class='ocrx_word' id='word_1_140' title='bbox 303 2383 390 2463; x_wconf 94' lang='lat' dir='ltr'>phon</span> <span class='ocrx_word' id='word_1_141' title='bbox 413 2383 483 2462; x_wconf 90' lang='lat' dir='ltr'>ipse</span> <span class='ocrx_word' id='word_1_142' title='bbox 514 2384 606 2448; x_wconf 88' lang='lat' dir='ltr'>nohis</span> <span class='ocrx_word' id='word_1_143' title='bbox 631 2384 818 2463; x_wconf 81' lang='lat' dir='ltr'>exposuerit</span> <span class='ocrx_word' id='word_1_144' title='bbox 842 2368 1017 2465; x_wconf 79' lang='lat' dir='ltr'>o&#39;yropaeo.</span> <span class='ocrx_word' id='word_1_145' title='bbox 1041 2383 1088 2447; x_wconf 90' lang='lat' dir='ltr'>VI</span> <span class='ocrx_word' id='word_1_146' title='bbox 1105 2383 1135 2464; x_wconf 90' lang='grc'><em>4,</em></span> <span class='ocrx_word' id='word_1_147' title='bbox 1161 2386 1178 2447; x_wconf 99' lang='grc'><strong>1</strong></span> <span class='ocrx_word' id='word_1_148' title='bbox 1204 2376 1343 2454; x_wconf 81' lang='grc' dir='ltr'><em>ὥπλιζον</em></span> <span class='ocrx_word' id='word_1_149' title='bbox 1368 2380 1401 2443; x_wconf 78' lang='grc' dir='ltr'>δὲ</span> <span class='ocrx_word' id='word_1_150' title='bbox 1423 2381 1483 2442; x_wconf 77' lang='grc' dir='ltr'>και</span> 
     </span>
     <span class='ocr_line' id='line_1_19' title="bbox 304 2485 1487 2573; baseline 0 -24"><span class='ocrx_word' id='word_1_151' title='bbox 304 2485 429 2559; x_wconf 86' lang='grc' dir='ltr'><em>ἵππους</em></span> <span class='ocrx_word' id='word_1_152' title='bbox 443 2489 717 2573; x_wconf 88' lang='grc' dir='ltr'><em>προμετωπιδίοις</em></span> <span class='ocrx_word' id='word_1_153' title='bbox 728 2489 782 2550; x_wconf 82' lang='grc' dir='ltr'><em>καὶ</em></span> <span class='ocrx_word' id='word_1_154' title='bbox 793 2490 1055 2573; x_wconf 85' lang='grc' dir='ltr'><em>προστερνιδίοις,</em></span> <span class='ocrx_word' id='word_1_155' title='bbox 1066 2490 1120 2551; x_wconf 91' lang='grc' dir='ltr'><em>καὶ</em></span> <span class='ocrx_word' id='word_1_156' title='bbox 1132 2490 1205 2559; x_wconf 86' lang='grc' dir='ltr'><em>τούς</em></span> <span class='ocrx_word' id='word_1_157' title='bbox 1217 2488 1278 2568; x_wconf 76' lang='grc' dir='ltr'>μὲν</span> <span class='ocrx_word' id='word_1_158' title='bbox 1290 2492 1487 2568; x_wconf 91' lang='grc' dir='ltr'><em>μονίππους·</em></span> 
     </span>
    </p>
   </div>
   <div class='ocr_carea' id='block_1_4' title="bbox 203 2591 1485 2679">
    <p class='ocr_par' dir='ltr' id='par_1_4' title="bbox 203 2591 1485 2679">
     <span class='ocr_line' id='line_1_20' title="bbox 203 2591 1485 2679; baseline 0.002 -23"><span class='ocrx_word' id='word_1_159' title='bbox 203 2613 210 2625; x_wconf 74' lang='grc'><em>“</em></span> <span class='ocrx_word' id='word_1_160' title='bbox 304 2596 563 2678; x_wconf 82' lang='grc' dir='ltr'><em>παραμηριδίοις,</em></span> <span class='ocrx_word' id='word_1_161' title='bbox 587 2595 660 2665; x_wconf 85' lang='grc' dir='ltr'><em>τοδς</em></span> <span class='ocrx_word' id='word_1_162' title='bbox 683 2591 789 2657; x_wconf 75' lang='grc' dir='ltr'><em>δ’ῦπδ</em></span> <span class='ocrx_word' id='word_1_163' title='bbox 812 2603 879 2665; x_wconf 83' lang='grc' dir='ltr'><em>τοῖς</em></span> <span class='ocrx_word' id='word_1_164' title='bbox 903 2595 1042 2679; x_wconf 76' lang='grc' dir='ltr'><em>ἅρμασιν</em></span> <span class='ocrx_word' id='word_1_165' title='bbox 1059 2600 1155 2666; x_wconf 85' lang='grc' dir='ltr'><em>ὄντας</em></span> <span class='ocrx_word' id='word_1_166' title='bbox 1180 2595 1485 2678; x_wconf 88' lang='grc' dir='ltr'><em>παραπλευριδίοις..</em></span> 
     </span>
    </p>
   </div>
   <div class='ocr_carea' id='block_1_5' title="bbox 303 2701 1487 3105">
    <p class='ocr_par' dir='ltr' id='par_1_5' title="bbox 303 2701 1487 2996">
     <span class='ocr_line' id='line_1_21' title="bbox 304 2701 1478 2785; baseline 0.001 -20"><span class='ocrx_word' id='word_1_167' title='bbox 304 2701 339 2765; x_wconf 84' lang='lat' dir='ltr'>Si</span> <span class='ocrx_word' id='word_1_168' title='bbox 367 2721 444 2767; x_wconf 88' lang='lat' dir='ltr'>vero</span> <span class='ocrx_word' id='word_1_169' title='bbox 475 2703 726 2785; x_wconf 85' lang='grc' dir='ltr'><em>παραμηριδίοις</em></span> <span class='ocrx_word' id='word_1_170' title='bbox 757 2703 841 2784; x_wconf 88' lang='lat' dir='ltr'>apud</span> <span class='ocrx_word' id='word_1_171' title='bbox 866 2703 1114 2782; x_wconf 82' lang='lat' dir='ltr'>Xenophontem</span> <span class='ocrx_word' id='word_1_172' title='bbox 1139 2704 1314 2783; x_wconf 80' lang='lat' dir='ltr'>genuinum</span> <span class='ocrx_word' id='word_1_173' title='bbox 1339 2709 1398 2782; x_wconf 88' lang='lat' dir='ltr'>est,</span> <span class='ocrx_word' id='word_1_174' title='bbox 1430 2703 1478 2766; x_wconf 90' lang='lat' dir='ltr'>in·</span> 
     </span>
     <span class='ocr_line' id='line_1_22' title="bbox 303 2808 1487 2890; baseline 0.002 -18"><span class='ocrx_word' id='word_1_175' title='bbox 303 2808 434 2890; x_wconf 66' lang='lat' dir='ltr'>telle5is</span> <span class='ocrx_word' id='word_1_176' title='bbox 464 2810 499 2873; x_wconf 94' lang='lat' dir='ltr'>in</span> <span class='ocrx_word' id='word_1_177' title='bbox 534 2815 659 2874; x_wconf 88' lang='lat' dir='ltr'>textum</span> <span class='ocrx_word' id='word_1_178' title='bbox 690 2809 917 2889; x_wconf 91' lang='lat' dir='ltr'>Xenophontis</span> <span class='ocrx_word' id='word_1_179' title='bbox 947 2811 1011 2874; x_wconf 85' lang='lat' dir='ltr'>iam</span> <span class='ocrx_word' id='word_1_180' title='bbox 1043 2816 1119 2874; x_wconf 85' lang='lat' dir='ltr'>ante</span> <span class='ocrx_word' id='word_1_181' title='bbox 1150 2809 1361 2874; x_wconf 87' lang='lat' dir='ltr'>Iambliohnm</span> <span class='ocrx_word' id='word_1_182' title='bbox 1394 2810 1487 2874; x_wconf 85' lang='lat' dir='ltr'>hanc·</span> 
     </span>
     <span class='ocr_line' id='line_1_23' title="bbox 304 2916 724 2996; baseline 0 -16"><span class='ocrx_word' id='word_1_183' title='bbox 304 2917 519 2996; x_wconf 82' lang='lat' dir='ltr'>corruptelam</span> <span class='ocrx_word' id='word_1_184' title='bbox 543 2916 724 2995; x_wconf 89' lang='lat' dir='ltr'>irrepsisse.</span> 
     </span>
    </p>

    <p class='ocr_par' dir='ltr' id='par_1_6' title="bbox 393 3019 1486 3105">
     <span class='ocr_line' id='line_1_24' title="bbox 393 3019 1486 3105; baseline -0.005 -19"><span class='ocrx_word' id='word_1_185' title='bbox 393 3024 571 3089; x_wconf 84' lang='lat' dir='ltr'>Praeterea</span> <span class='ocrx_word' id='word_1_186' title='bbox 586 3042 658 3087; x_wconf 90' lang='lat' dir='ltr'>cum</span> <span class='ocrx_word' id='word_1_187' title='bbox 671 3023 888 3102; x_wconf 89' lang='lat' dir='ltr'>Xenophonte</span> <span class='ocrx_word' id='word_1_188' title='bbox 903 3023 1100 3088; x_wconf 87' lang='lat' dir='ltr'>Iamhlichus</span> <span class='ocrx_word' id='word_1_189' title='bbox 1117 3022 1268 3088; x_wconf 89' lang='lat' dir='ltr'>convenit</span> <span class='ocrx_word' id='word_1_190' title='bbox 1283 3023 1334 3086; x_wconf 88' lang='lat' dir='ltr'>his</span> <span class='ocrx_word' id='word_1_191' title='bbox 1350 3022 1430 3088; x_wconf 91' lang='lat' dir='ltr'>locis</span> <span class='ocrx_word' id='word_1_192' title='bbox 1440 3019 1486 3105; x_wconf 86' lang='lat'>¹):.</span> 
     </span>
    </p>
   </div>
   <div class='ocr_carea' id='block_1_6' title="bbox 349 3145 1486 3657">
    <p class='ocr_par' dir='ltr' id='par_1_7' title="bbox 349 3145 1486 3657">
     <span class='ocr_line' id='line_1_25' title="bbox 349 3145 1387 3230; baseline -0.002 -23"><span class='ocrx_word' id='word_1_193' title='bbox 349 3167 377 3228; x_wconf 92' lang='lat' dir='ltr'>p.</span> <span class='ocrx_word' id='word_1_194' title='bbox 402 3145 498 3230; x_wconf 84' lang='grc'><em>49,1.</em></span> <span class='ocrx_word' id='word_1_195' title='bbox 525 3145 574 3209; x_wconf 82' lang='lat'>12.</span> <span class='ocrx_word' id='word_1_196' title='bbox 599 3147 709 3212; x_wconf 89' lang='lat' dir='ltr'>Hiuok</span> <span class='ocrx_word' id='word_1_197' title='bbox 732 3147 938 3228; x_wconf 81' lang='lat' dir='ltr'>pulchritudo</span> <span class='ocrx_word' id='word_1_198' title='bbox 961 3167 1073 3212; x_wconf 91' lang='lat' dir='ltr'>currus</span> <span class='ocrx_word' id='word_1_199' title='bbox 1098 3147 1130 3211; x_wconf 91' lang='lat' dir='ltr'>J.</span> <span class='ocrx_word' id='word_1_200' title='bbox 1155 3148 1186 3212; x_wconf 81' lang='lat' dir='ltr'>O.</span> <span class='ocrx_word' id='word_1_201' title='bbox 1211 3146 1258 3211; x_wconf 82' lang='lat' dir='ltr'>VI</span> <span class='ocrx_word' id='word_1_202' title='bbox 1282 3146 1312 3228; x_wconf 90' lang='grc'>4,</span> <span class='ocrx_word' id='word_1_203' title='bbox 1338 3147 1387 3206; x_wconf 94' lang='grc'>11.</span> 
     </span>
     <span class='ocr_line' id='line_1_26' title="bbox 527 3254 1152 3334; baseline -0.002 -18"><span class='ocrx_word' id='word_1_204' title='bbox 527 3255 577 3317; x_wconf 82' lang='lat'>15.</span> <span class='ocrx_word' id='word_1_205' title='bbox 601 3255 739 3320; x_wconf 90' lang='lat' dir='ltr'>vestitos</span> <span class='ocrx_word' id='word_1_206' title='bbox 762 3255 850 3334; x_wconf 83' lang='lat' dir='ltr'>regis</span> <span class='ocrx_word' id='word_1_207' title='bbox 873 3254 904 3318; x_wconf 86' lang='lat' dir='ltr'>J.</span> <span class='ocrx_word' id='word_1_208' title='bbox 929 3254 963 3318; x_wconf 80' lang='lat' dir='ltr'>C.</span> <span class='ocrx_word' id='word_1_209' title='bbox 987 3254 1044 3334; x_wconf 83' lang='lat' dir='ltr'>VI,</span> <span class='ocrx_word' id='word_1_210' title='bbox 1067 3258 1098 3334; x_wconf 85' lang='lat'>4,</span> <span class='ocrx_word' id='word_1_211' title='bbox 1125 3254 1152 3315; x_wconf 79' lang='lat'>2.</span> 
     </span>
     <span class='ocr_line' id='line_1_27' title="bbox 526 3358 1182 3442; baseline 0.005 -22"><span class='ocrx_word' id='word_1_212' title='bbox 526 3358 576 3425; x_wconf 77' lang='lat'>22.</span> <span class='ocrx_word' id='word_1_213' title='bbox 600 3360 708 3442; x_wconf 79' lang='lat' dir='ltr'>fulgor</span> <span class='ocrx_word' id='word_1_214' title='bbox 730 3361 891 3426; x_wconf 83' lang='lat' dir='ltr'>exercitus</span> <span class='ocrx_word' id='word_1_215' title='bbox 915 3362 946 3426; x_wconf 79' lang='grc' dir='ltr'>δ.</span> <span class='ocrx_word' id='word_1_216' title='bbox 971 3362 1003 3426; x_wconf 80' lang='lat' dir='ltr'>C.</span> <span class='ocrx_word' id='word_1_217' title='bbox 1027 3361 1074 3425; x_wconf 90' lang='lat' dir='ltr'>VI</span> <span class='ocrx_word' id='word_1_218' title='bbox 1097 3361 1128 3440; x_wconf 90' lang='grc'>4,</span> <span class='ocrx_word' id='word_1_219' title='bbox 1155 3361 1182 3423; x_wconf 91' lang='grc'>1.</span> 
     </span>
     <span class='ocr_line' id='line_1_28' title="bbox 526 3464 1486 3552; baseline -0.002 -24"><span class='ocrx_word' id='word_1_220' title='bbox 526 3464 577 3533; x_wconf 82' lang='lat'>23.</span> <span class='ocrx_word' id='word_1_221' title='bbox 603 3465 728 3552; x_wconf 78' lang='grc' dir='ltr'><em>ψελίοις</em></span> <span class='ocrx_word' id='word_1_222' title='bbox 744 3501 785 3512; x_wconf 92' lang='grc'><strong>-</strong></span> <span class='ocrx_word' id='word_1_223' title='bbox 808 3471 1043 3551; x_wconf 78' lang='grc' dir='ltr'><em>κεκοσμημένοι</em></span> <span class='ocrx_word' id='word_1_224' title='bbox 1066 3468 1097 3532; x_wconf 86' lang='lat' dir='ltr'>J.</span> <span class='ocrx_word' id='word_1_225' title='bbox 1111 3467 1142 3532; x_wconf 82' lang='grc' dir='ltr'>Ο.</span> <span class='ocrx_word' id='word_1_226' title='bbox 1158 3467 1191 3531; x_wconf 91' lang='grc' dir='ltr'>Π</span> <span class='ocrx_word' id='word_1_227' title='bbox 1208 3467 1238 3540; x_wconf 87' lang='grc'><em>4,</em></span> <span class='ocrx_word' id='word_1_228' title='bbox 1264 3465 1284 3527; x_wconf 85' lang='grc'>6</span> <span class='ocrx_word' id='word_1_229' title='bbox 1308 3466 1364 3527; x_wconf 78' lang='grc' dir='ltr'><em>καὶ</em></span> <span class='ocrx_word' id='word_1_230' title='bbox 1381 3464 1486 3550; x_wconf 79' lang='grc' dir='ltr'><em>ψέλια</em></span> 
     </span>
     <span class='ocr_line' id='line_1_29' title="bbox 632 3572 1248 3657; baseline 0.005 -23"><span class='ocrx_word' id='word_1_231' title='bbox 632 3572 737 3653; x_wconf 78' lang='grc' dir='ltr'><em>λαβὼν</em></span> <span class='ocrx_word' id='word_1_232' title='bbox 761 3573 815 3634; x_wconf 82' lang='grc' dir='ltr'><em>καὶ</em></span> <span class='ocrx_word' id='word_1_233' title='bbox 839 3573 999 3657; x_wconf 83' lang='grc' dir='ltr'><em>στρεπτὸν</em></span> <span class='ocrx_word' id='word_1_234' title='bbox 1023 3576 1248 3657; x_wconf 66' lang='grc' dir='ltr'><em>περιθέμενος.</em></span> 
     </span>
    </p>
   </div>
   <div class='ocr_carea' id='block_1_7' title="bbox 353 3689 1488 3888">
    <p class='ocr_par' dir='ltr' id='par_1_8' title="bbox 353 3689 1488 3888">
     <span class='ocr_line' id='line_1_30' title="bbox 353 3689 1488 3783; baseline -0.003 -23"><span class='ocrx_word' id='word_1_235' title='bbox 353 3719 382 3779; x_wconf 89' lang='lat' dir='ltr'>p.</span> <span class='ocrx_word' id='word_1_236' title='bbox 407 3695 460 3782; x_wconf 88' lang='lat'>50,</span> <span class='ocrx_word' id='word_1_237' title='bbox 484 3698 504 3762; x_wconf 93' lang='lat' dir='ltr'>l.</span> <span class='ocrx_word' id='word_1_238' title='bbox 554 3695 583 3762; x_wconf 81' lang='lat'>2.</span> <span class='ocrx_word' id='word_1_239' title='bbox 608 3695 763 3776; x_wconf 85' lang='grc' dir='ltr'><em>ὀλίγοι-</em></span> <span class='ocrx_word' id='word_1_240' title='bbox 780 3697 865 3783; x_wconf 75' lang='grc' dir='ltr'><em>δοθῇ</em></span> <span class='ocrx_word' id='word_1_241' title='bbox 880 3697 916 3762; x_wconf 77' lang='lat' dir='ltr'>E.</span> <span class='ocrx_word' id='word_1_242' title='bbox 933 3698 965 3764; x_wconf 82' lang='lat' dir='ltr'>O.</span> <span class='ocrx_word' id='word_1_243' title='bbox 982 3699 997 3763; x_wconf 94' lang='grc' dir='ltr'><strong>Ι</strong></span> <span class='ocrx_word' id='word_1_244' title='bbox 1015 3697 1045 3780; x_wconf 84' lang='grc'><em>7,</em></span> <span class='ocrx_word' id='word_1_245' title='bbox 1061 3696 1082 3758; x_wconf 90' lang='grc'><em>4</em></span> <span class='ocrx_word' id='word_1_246' title='bbox 1100 3699 1189 3776; x_wconf 77' lang='grc' dir='ltr'><em>ὑμῶν</em></span> <span class='ocrx_word' id='word_1_247' title='bbox 1200 3696 1235 3758; x_wconf 77' lang='grc' dir='ltr'>δὲ</span> <span class='ocrx_word' id='word_1_248' title='bbox 1252 3689 1488 3782; x_wconf 83' lang='grc' dir='ltr'><em>τῶνἙλλήνων</em></span> 
     </span>
     <span class='ocr_line' id='line_1_31' title="bbox 632 3801 1296 3888; baseline 0.005 -24"><span class='ocrx_word' id='word_1_249' title='bbox 632 3803 686 3866; x_wconf 80' lang='grc' dir='ltr'><em>καὶ</em></span> <span class='ocrx_word' id='word_1_250' title='bbox 710 3808 869 3886; x_wconf 82' lang='grc' dir='ltr'><em>στέφανον</em></span> <span class='ocrx_word' id='word_1_251' title='bbox 892 3801 1016 3888; x_wconf 80' lang='grc' dir='ltr'><em>ἑκάστη</em></span> <span class='ocrx_word' id='word_1_252' title='bbox 1040 3812 1177 3886; x_wconf 78' lang='grc' dir='ltr'><em>χρυσοῦν</em></span> <span class='ocrx_word' id='word_1_253' title='bbox 1200 3805 1296 3867; x_wconf 89' lang='grc' dir='ltr'><em>δώσω.</em></span> 
     </span>
    </p>
   </div>
   <div class='ocr_carea' id='block_1_8' title="bbox 395 4050 1479 4298">
    <p class='ocr_par' dir='ltr' id='par_1_9' title="bbox 395 4050 1479 4298">
     <span class='ocr_line' id='line_1_32' title="bbox 395 4050 1121 4120; baseline -0.006 -16"><span class='ocrx_word' id='word_1_254' title='bbox 395 4050 416 4120; x_wconf 85' lang='lat'>¹)</span> <span class='ocrx_word' id='word_1_255' title='bbox 435 4053 461 4104; x_wconf 86' lang='lat' dir='ltr'>J.</span> <span class='ocrx_word' id='word_1_256' title='bbox 482 4052 511 4104; x_wconf 86' lang='lat' dir='ltr'>G.</span> <span class='ocrx_word' id='word_1_257' title='bbox 531 4071 567 4100; x_wconf 86' lang='lat'>=</span> <span class='ocrx_word' id='word_1_258' title='bbox 586 4051 733 4105; x_wconf 86' lang='lat' dir='ltr'>Institutio</span> <span class='ocrx_word' id='word_1_259' title='bbox 753 4052 818 4116; x_wconf 79' lang='lat' dir='ltr'>Cyri</span> <span class='ocrx_word' id='word_1_260' title='bbox 837 4068 892 4104; x_wconf 90' lang='lat' dir='ltr'>rec.</span> <span class='ocrx_word' id='word_1_261' title='bbox 912 4053 945 4103; x_wconf 82' lang='lat' dir='ltr'>A.</span> <span class='ocrx_word' id='word_1_262' title='bbox 965 4053 1033 4116; x_wconf 84' lang='lat' dir='ltr'>Hug</span> <span class='ocrx_word' id='word_1_263' title='bbox 1054 4053 1121 4101; x_wconf 74' lang='lat'>1833</span> 
     </span>
     <span class='ocr_line' id='line_1_33' title="bbox 435 4139 1252 4207; baseline -0.004 -16"><span class='ocrx_word' id='word_1_264' title='bbox 435 4142 464 4192; x_wconf 79' lang='lat' dir='ltr'>u.</span> <span class='ocrx_word' id='word_1_265' title='bbox 486 4140 516 4195; x_wconf 84' lang='lat' dir='ltr'>G.</span> <span class='ocrx_word' id='word_1_266' title='bbox 534 4160 570 4186; x_wconf 77' lang='lat' dir='ltr'>z:</span> <span class='ocrx_word' id='word_1_267' title='bbox 589 4141 736 4207; x_wconf 78' lang='lat' dir='ltr'>Expeditio</span> <span class='ocrx_word' id='word_1_268' title='bbox 757 4141 823 4205; x_wconf 85' lang='lat' dir='ltr'>Cyri</span> <span class='ocrx_word' id='word_1_269' title='bbox 841 4157 896 4193; x_wconf 88' lang='lat' dir='ltr'>rec.</span> <span class='ocrx_word' id='word_1_270' title='bbox 916 4141 947 4190; x_wconf 80' lang='grc' dir='ltr'>Ε.</span> <span class='ocrx_word' id='word_1_271' title='bbox 966 4139 995 4192; x_wconf 84' lang='lat' dir='ltr'>G.</span> <span class='ocrx_word' id='word_1_272' title='bbox 1014 4140 1163 4191; x_wconf 81' lang='lat' dir='ltr'>Marchaut</span> <span class='ocrx_word' id='word_1_273' title='bbox 1185 4141 1252 4188; x_wconf 86' lang='grc'>1904</span> 
     </span>
     <span class='ocr_line' id='line_1_34' title="bbox 431 4227 1479 4298; baseline -0.004 -14"><span class='ocrx_word' id='word_1_274' title='bbox 431 4231 462 4284; x_wconf 94' lang='grc' dir='ltr'>Ο.</span> <span class='ocrx_word' id='word_1_275' title='bbox 483 4232 521 4285; x_wconf 88' lang='grc' dir='ltr'>Μ.</span> <span class='ocrx_word' id='word_1_276' title='bbox 540 4253 576 4278; x_wconf 87' lang='lat'>=</span> <span class='ocrx_word' id='word_1_277' title='bbox 599 4229 807 4298; x_wconf 82' lang='lat' dir='ltr'>Hipparehicus</span> <span class='ocrx_word' id='word_1_278' title='bbox 838 4230 898 4280; x_wconf 81' lang='lat' dir='ltr'>sive</span> <span class='ocrx_word' id='word_1_279' title='bbox 929 4229 971 4279; x_wconf 90' lang='lat' dir='ltr'>De</span> <span class='ocrx_word' id='word_1_280' title='bbox 996 4229 1123 4292; x_wconf 81' lang='lat' dir='ltr'>magistri</span> <span class='ocrx_word' id='word_1_281' title='bbox 1148 4228 1274 4293; x_wconf 81' lang='lat' dir='ltr'>equitum</span> <span class='ocrx_word' id='word_1_282' title='bbox 1299 4227 1393 4278; x_wconf 88' lang='lat' dir='ltr'>officio</span> <span class='ocrx_word' id='word_1_283' title='bbox 1423 4243 1479 4280; x_wconf 84' lang='lat' dir='ltr'>reo.</span> 
     </span>
    </p>
   </div>
   <div class='ocr_carea' id='block_1_9' title="bbox 442 4318 1487 4473">
    <p class='ocr_par' dir='ltr' id='par_1_10' title="bbox 442 4318 1487 4473">
     <span class='ocr_line' id='line_1_35' title="bbox 601 4318 872 4372; baseline -0.018 0"><span class='ocrx_word' id='word_1_284' title='bbox 601 4319 630 4372; x_wconf 93' lang='lat' dir='ltr'>P.</span> <span class='ocrx_word' id='word_1_285' title='bbox 652 4318 785 4370; x_wconf 81' lang='lat' dir='ltr'>Gerocohi</span> <span class='ocrx_word' id='word_1_286' title='bbox 804 4318 872 4368; x_wconf 86' lang='lat'>1901</span> 
     </span>
     <span class='ocr_line' id='line_1_36' title="bbox 442 4403 1487 4473; baseline -0.011 -11"><span class='ocrx_word' id='word_1_287' title='bbox 442 4413 475 4464; x_wconf 83' lang='lat' dir='ltr'>R.</span> <span class='ocrx_word' id='word_1_288' title='bbox 495 4411 524 4463; x_wconf 80' lang='grc' dir='ltr'>Ε.</span> <span class='ocrx_word' id='word_1_289' title='bbox 544 4432 580 4457; x_wconf 77' lang='lat' dir='ltr'><strong><em>z</em></strong></span> <span class='ocrx_word' id='word_1_290' title='bbox 597 4410 640 4460; x_wconf 93' lang='lat' dir='ltr'>De</span> <span class='ocrx_word' id='word_1_291' title='bbox 659 4423 688 4459; x_wconf 85' lang='lat' dir='ltr'>re</span> <span class='ocrx_word' id='word_1_292' title='bbox 708 4406 830 4473; x_wconf 87' lang='lat' dir='ltr'>equestri</span> <span class='ocrx_word' id='word_1_293' title='bbox 848 4405 969 4470; x_wconf 88' lang='lat' dir='ltr'>libellus,</span> <span class='ocrx_word' id='word_1_294' title='bbox 988 4421 1043 4458; x_wconf 87' lang='lat' dir='ltr'>reo.</span> <span class='ocrx_word' id='word_1_295' title='bbox 1057 4405 1201 4457; x_wconf 84' lang='lat' dir='ltr'>vicentius</span> <span class='ocrx_word' id='word_1_296' title='bbox 1215 4403 1386 4456; x_wconf 80' lang='lat' dir='ltr'>Tommasini</span> <span class='ocrx_word' id='word_1_297' title='bbox 1401 4405 1487 4455; x_wconf 82' lang='lat'>1902..</span> 
     </span>
    </p>
   </div>
   <div class='ocr_carea' id='block_1_10' title="bbox 0 0 1720 5066">
    <p class='ocr_par' dir='ltr' id='par_1_11' title="bbox 0 0 1720 5066">
     <span class='ocr_line' id='line_1_37' title="bbox 0 0 1720 5066; baseline 0 0"><span class='ocrx_word' id='word_1_298' title='bbox 0 0 1720 5066; x_wconf 95' lang='lat' dir='ltr'> </span> 
     </span>
    </p>
   </div>
  </div>
 </body>
</html>
