3402 5066
779 461 1001 526 ,44-

309 643 545 710 Atheniensem
575 642 710 722 accepit.
756 641 793 706 7.
821 640 852 707 S.
880 641 912 704 ll
942 640 994 721 12,
1019 639 1040 700 4
1073 635 1199 717 ἐλέγετο
1229 639 1263 702 δὲ
1296 643 1397 702 ταῦτα
1428 641 1484 702 καὶ

306 750 445 834 μελιχρᾷ
475 752 515 834 τῇ
545 751 639 833 quoq}
666 743 894 828 ἀπαγγέλλειν,
930 730 949 834 ᾗ
978 745 1034 808 καὶ
1061 747 1118 807 τὸν
1147 746 1279 826 βασιλέα
1310 747 1483 827 uomicas

306 856 424 929 θέλξας
441 855 500 919 τόν
512 851 667 940 Ἀθήνησι
680 857 802 938 θρόνον
816 874 884 937 παρ
896 849 1009 915 ἀὐτοῦ
1023 853 1143 937 εὕρετο.
1158 857 1267 935 Atque
1279 854 1481 936 Commodus

306 983 378 1029 cum
403 978 440 1029 a0
460 962 525 1028 176
548 963 724 1042 imperator
739 962 846 1028 iactus
862 968 960 1043 esset,
984 961 1109 1027 Polluci
1129 979 1187 1026 suo
1204 960 1363 1026 Hadriani
1387 962 1482 1027 disci·

308 1070 383 1150 pulo
418 1069 607 1136 cathedram
642 1069 799 1135 detulisse
834 1069 977 1149 videtur,
1016 1086 1088 1132 cnm
1122 1068 1261 1149 primum
1295 1067 1481 1133 Hadrianus

306 1177 440 1242 Romam
459 1183 512 1242 est
526 1177 714 1260 arcessitus,
731 1172 856 1241 a0178.
880 1175 1027 1240 Mortuus
1044 1180 1096 1241 est
1110 1174 1226 1240 Pollux
1242 1194 1314 1240 cum
1326 1175 1480 1255 quinqua·

305 1283 466 1365 gesimum
490 1287 639 1348 octavum
672 1300 789 1347 annum
822 1289 947 1364 ageret,
980 1282 1079 1347 multo
1111 1281 1216 1346 minor
1247 1287 1356 1347 aetate
1388 1300 1481 1356 qnam

303 1390 463 1473 magister
484 1389 535 1472 (V.
560 1388 590 1454 S.
614 1388 648 1453 II
672 1387 725 1470 12,
749 1387 792 1470 4),
816 1388 979 1453 nonnullis
1003 1389 1097 1453 annis
1120 1395 1196 1454 ante
1220 1385 1328 1471 190¹).

393 1496 480 1561 Huic
509 1503 631 1578 tantae,
663 1501 729 1561 tam
758 1495 884 1561 difficili
912 1494 1031 1560 rationi
1062 1497 1193 1561 obstare
1221 1495 1365 1576 videtur,
1396 1497 1480 1575 qnod

305 1602 496 1669 Commodus
522 1621 638 1684 „quem
662 1602 802 1684 singulis
826 1602 938 1667 dacem
961 1602 1117 1667 librorum
1140 1602 1290 1682 epistulis
1307 1602 1480 1668 Caesarem

304 1728 435 1790 semper
457 1709 651 1791 adloquitur,
676 1709 797 1775 Caesar
813 1708 918 1774 lactus
942 1715 993 1774 est
1018 1707 1082 1772 166
1098 1715 1292 1786 tresannos
1307 1715 1414 1788 natus,
1438 1710 1479 1773 ab

301 1834 387 1882 anno
418 1821 525 1882 autem
555 1813 619 1878 176
642 1816 820 1896 imperator
847 1834 912 1880 una
940 1833 1011 1880 cnm
1039 1820 1134 1897 patre
1161 1834 1285 1894 summa
1316 1819 1480 1896 potest-uta

301 1911 539 2005 iunpgebatur‘t¹
583 1923 699 2003 Itaque
735 1923 991 2004 „Atheniensem
1026 1921 1214 1989 cathedram
1245 1923 1372 2003 accepit
1402 1929 1479 1988 ant-c

303 2047 423 2094 annum
437 2028 513 2111 176,
527 2030 644 2110 quippe
658 2048 730 2095 cum
743 2047 782 2096 ea
794 2029 925 2112 gloriari
939 2027 1479 2113 616666661666166616666666111).

304 2135 537 2202 Verumtamen
554 2138 594 2202 ab
611 2150 648 2202 a0
670 2135 734 2200 173
750 2154 853 2216 usque
869 2136 910 2201 ad
927 2151 974 2200 am
997 2133 1062 2199 176
1078 2135 1273 2218 Theodotus,
1298 2139 1339 2202 ab
1355 2151 1393 2201 a0
1414 2134 1479 2198 175

302 2260 405 2322 usque
429 2242 470 2308 ad
493 2257 541 2307 am
560 2240 624 2305 178
648 2243 834 2308 Hadrianus
862 2242 923 2307 hoc
953 2260 1086 2309 munere
1114 2243 1320 2324 fungebatur.
1368 2243 1479 2323 Neque

302 2366 380 2414 vero
404 2367 446 2415 ex
468 2349 688 2432 appellatione
704 2349 854 2416 Caesaris
878 2349 1053 2430 quidquam
1075 2349 1224 2416 concludi
1240 2349 1380 2433 potestt)
1404 2369 1477 2415 cunr

297 2455 401 2521 vetiam
421 2455 634 2537 imperatores
659 2475 723 2522 nou
749 2456 851 2522 solum
870 2456 953 2536 apud
979 2463 1105 2524 ceteros
1121 2462 1280 2533 auctores,
1304 2456 1362 2523 sed
1378 2457 1477 2522 etiam

302 2560 336 2625 in
360 2560 657 2647 inscriptionibus4)
683 2562 840 2629 Caesares
863 2564 1077 2644 appellentur.
1116 2564 1224 2643 Atque
1248 2583 1320 2629 cnm
1340 2564 1478 2646 impera·

297 2672 391 2733 tores
415 2668 606 2750 saepissime
629 2672 735 2752 κύριοι
757 2669 995 2753 6661666661)
1018 2675 1053 2736 66
1074 2671 1191 2736 Pollux
1213 2670 1419 2736 Commodum
1442 2672 1477 2736 in

301 2773 390 2838 1111
414 2774 555 2855 epistula
578 2775 716 2857 primum
740 2776 788 2842 sic
810 2777 1013 2858 adloquatur,
1037 2777 1138 2843 libros
1163 2776 1276 2844 1662
1300 2782 1376 2845 ante
1400 2777 1475 2859 176,

394 2951 414 3018 ¹)
433 2951 579 3002 Pollucem
598 2967 631 3003 ca
650 2963 694 3003 am
714 2953 764 3003 193
783 2957 926 3004 mortuum
950 2969 1012 3005 essa
1032 2953 1236 3005 demonstravit
1257 2953 1402 3006 Revillout
1419 2953 1437 3004 1.
1458 2955 1475 3002 l.

299 3056 327 3106 p.
342 3040 384 3106 64,
405 3056 437 3092 ca
452 3051 495 3092 am
509 3041 559 3091 185
577 3040 682 3092 6666166
701 3041 735 3093 R.
748 3041 832 3093 Helm
847 3041 958 3093 Lukian
971 3043 1028 3093 und
1040 3041 1154 3109 11166166
1175 3043 1244 3095 1906
1262 3059 1289 3109 p.
1302 3043 1353 3093 291
1374 3042 1476 3095 661662.

392 3128 415 3197 ²)
434 3130 524 3181 Bothe
548 3128 578 3180 in
597 3128 662 3180 edit.
689 3130 761 3181 Poll.
787 3131 874 3196 praef.
893 3147 920 3196 p.
939 3132 980 3195 V„
1008 3131 1042 3182 cf.
1062 3131 1232 3197 Kaibelium,
1251 3131 1294 3183 Da
1312 3129 1475 3196 Phrynicho

297 3215 428 3284 sophista
446 3234 473 3284 p.
494 3218 535 3270 18.
1137 3233 1140 3236 “

390 3307 413 3373 ³)
435 3306 540 3368 Quodsi
558 3306 599 3359 ita
618 3323 647 3360 aa
667 3307 790 3374 haberet,
809 3309 913 3360 Pollux
931 3309 1035 3360 librum
1053 3311 1068 3360 1
1087 3309 1228 3362 dedicaret
1246 3309 1398 3361 Commodo
1416 3315 1475 3360 6666

298 3401 412 3449 tantum
426 3413 515 3449 annos
533 3403 600 3449 nato
620 3412 711 3463 nequa
726 3405 884 3450 ceterorum
898 3398 1035 3450 librorum
1054 3399 1192 3466 epistulas
1205 3415 1269 3450 cum
1287 3400 1341 3450 hac
1353 3398 1476 3465 pueritia

301 3484 489 3538 consentiunt.

388 3571 410 3642 4)
431 3574 486 3626 cfr.
515 3575 725 3642 Dittenbergari
753 3577 877 3628 Orientis
898 3577 999 3629 Graeci
1021 3578 1077 3630 vol.
1102 3578 1133 3628 ΙΙ
1157 3577 1202 3630 tic.
1228 3577 1289 3642 683,
1319 3579 1381 3644 511,
1412 3579 1473 3630 502.

296 3663 355 3715 Sed
375 3679 426 3715 cur
439 3665 595 3731 longinqua
608 3667 766 3717 sectamur?
797 3667 899 3718 Pollux
911 3665 980 3733 ipse,
1001 3683 1064 3719 cum
1076 3669 1190 3720 Marcus
1204 3678 1236 3720 a⁰
1252 3670 1303 3720 178
1317 3667 1474 3734 Crispinum

299 3752 453 3806 Commodo
480 3753 510 3805 in
539 3753 747 3807 matrimonium
774 3757 933 3822 collocarat,
962 3757 1174 3825 epithalamium
1201 3757 1369 3824 composuit,
1398 3758 1474 3823 quod

299 3841 463 3894 inscribitur
482 3843 521 3902 εἰς
542 3841 695 3918 Κόμμοδον
718 3846 848 3917 Καίσαρα
868 3842 1064 3919 ἐπιθαλάμιον,
1084 3846 1147 3899 vide
1167 3846 1269 3899 Suidae
1282 3845 1392 3899 lexicon
1412 3863 1433 3899 ι.
1447 3864 1473 3898 v.

296 3929 483 4003 Πολυδεύκης.

387 4019 409 4089 ⁶)
428 4023 634 4089 Imperatorum
662 4023 810 4076 titulorum
837 4024 988 4092 rationem,
1018 4041 1103 4090 quam
1131 4024 1330 4092 pervestigaiis
1357 4025 1473 4093 papyris

300 4110 414 4163 Graecis
440 4127 610 4177 cognoscere
633 4120 751 4166 conatus
774 4130 845 4179 sum,
871 4114 926 4166 hoc
950 4116 1012 4166 1666
1036 4115 1201 4167 brevissime
1224 4120 1335 4166 tantum
1356 4114 1472 4166 circum-

292 4200 422 4253 scribere
440 4202 505 4253 volo
530 4201 589 4267 (sed
609 4218 676 4255 cava
695 4219 730 4255 na
748 4203 888 4255 iudicibus
909 4220 1058 4271 corporum
1076 4220 1248 4272 papyrorum
1267 4203 1399 4271 confidas,
1424 4205 1473 4270 qui

299 4290 354 4342 hac
373 4289 485 4357 quidem
504 4290 534 4342 in
552 4307 583 4343 66
601 4308 803 4358 nonnunquam
825 4293 946 4361 fallunt).
974 4293 1068 4360 Atque
1086 4292 1229 4345 invenitur
1247 4299 1347 4365 καῖσαρ
1365 4294 1434 4358 (sive
1447 4315 1472 4346 κ.

291 4376 427 4450 aspectis
445 4380 504 4432 sive
523 4401 547 4436 κ.
562 4378 750 4454 αὐτοκράτωρ)
768 4389 834 4448 6666
847 4398 949 4434 nomen
962 4383 1082 4450 primum
1101 4382 1153 4435 Ox.
1172 4383 1240 4448 Pap.
1260 4383 1301 4435 IV
1320 4394 1340 4439 t.
1359 4384 1419 4449 746,
1439 4385 1472 4434 12
