3402 5066
762 445 982 509 -2g...

278 625 431 708 47)VH.
469 627 533 692 196
568 622 844 707 λιβανωτοττοῖλαι,
945 643 975 688 n.
1012 620 1076 686 163
1114 643 1144 704 p,
1177 621 1242 687 273
1274 621 1303 686 R
1335 621 1397 686 187
1430 622 1458 684 L

293 757 294 760 ¹
351 731 587 815 λιβανοιτῶλνιι,
620 730 845 812 λιβανωτοπων-
900 729 1032 811 λίβανον
1054 728 1177 808 λέγετὰ
1202 727 1341 809 δένδρον,
1366 726 1403 789 τδ
1425 726 1460 789 δὲ

353 837 422 901 λεῖν
450 837 485 901 δὲ
516 834 747 923 Ἀριστοφάνης
775 833 845 921 ἔφη.
899 837 1111 915 θυμιώμενον
1134 833 1330 915 λιβανωτόν·

351 943 583 1029 (λιβανοπῶλαι
609 965 668 1012 om.
689 943 844 1028 Bekker).
1051 975 1053 982 2

275 1049 339 1134 48)
355 1049 495 1116 1711200
512 1048 587 1114 εἰδὲ
602 1045 847 1114 Λνσίοοδκατ’
945 1069 975 1113 n.
1009 1048 1085 1112 217*
1112 1067 1153 1128 11-
1173 1046 1238 1110 313
1270 1047 1298 1111 lt
1330 1045 1400 1110 240
1429 1046 1457 1110 L

349 1157 546 1228 Αὐτοκλέους
591 1157 695 1238 λόγος,
748 1151 783 1218 ἐν
821 1142 846 1238 ᾧ
901 1157 1186 1236 παῖξαι·Δωριεῖς
1204 1151 1256 1215 διὰ
1274 1160 1331 1213 τοῦ
1348 1155 1372 1232 ξ,
1391 1151 1457 1214 ὅδὲ

351 1267 531 1348 γέγραπται
557 1272 846 1349 ,φηφοιταικτοῦσι
899 1259 1043 1332 Ἀττικὰς
1075 1267 1201 1324 ιταῑσαι.
1231 1259 1286 1322 καὶ
1317 1263 1457 1320 παίοατε

350 1370 387 1431 νδ
410 1370 566 1452 δίκαιον“,
592 1368 642 1455 εἴη
670 1363 711 1431 du
741 1369 795 1431 καὶ
827 1371 844 1430 δ
899 1368 953 1430 καὶ
966 1371 1177 1451 σνμτταίσινμ
1191 1364 1244 1428 διὰ
1261 1360 1457 1447 τοῦσέρεῖς.

352 1479 583 1561 ψηφοπαίκτης
606 1471 641 1538 ἐν
664 1480 758 1564 τέχνῃ
782 1527 788 1540 .
811 1526 841 1540 ..
970 1508 984 1516 ··
1015 1508 1032 1516 ·-
1062 1490 1064 1494 ⁴
1095 1489 1099 1495 ’
1141 1494 1145 1526 ἰ

275 1580 417 1662 μ49)11Π
438 1584 500 1646 211
527 1633 533 1647 .
557 1631 563 1644 .
589 1634 595 1646 .
619 1576 842 1665 βιβλιογράφος
941 1602 971 1646 n.
992 1579 1032 1644 67
1052 1600 1081 1661 p.
1096 1578 1159 1643 158
1183 1579 1212 1643 R
1235 1577 1277 1642 85
1295 1579 1321 1643 L
1337 1576 1455 1658 βιβλια·

284 1771 285 1776 ¹
347 1686 382 1750 δὲ
433 1685 524 1770 παρὰ
571 1685 759 1772 Ἀντιφάνει
806 1684 842 1750 ἐν
896 1680 1455 1771 γράφος·οὕτωλέγουσινὲνιτὲντε

347 1799 487 1877 Σαπφοῖ.
704 1823 706 1827 ·
825 1813 826 1816 ’
896 1793 1067 1875 συλλαβαῖς
1079 1791 1144 1854 «καὶ
1166 1791 1219 1854 διὰ
1241 1799 1300 1853 τοῦ
1324 1811 1356 1873 α,
1384 1784 1454 1867 cdxi

895 1899 1165 1982 ’τετρασολλάβως
1181 1899 1234 1961 διά
1256 1905 1314 1959 τοῦ
1338 1920 1365 1960 ο.

369 2116 484 2194 Itaque
501 2116 707 2197 Phrynichus
730 2114 1052 2196 undequinquaginta
1072 2113 1213 2178 Pollucis
1237 2112 1363 2194 glossas
1387 2108 1454 2192 (vel
1517 2115 1519 2119 '

273 2221 494 2304 quadraginta
519 2229 654 2304 septem,
679 2223 707 2286 si
724 2221 859 2287 Bekker
882 2239 1032 2286 numeros
1048 2217 1092 2282 38
1108 2226 1142 2285 et
1155 2219 1197 2283 47
1223 2237 1263 2284 cx
1279 2217 1452 2289 codicibus,

280 2346 342 2392 non
374 2346 414 2392 ex
451 2328 643 2394 coniecturis
675 2329 873 2411 emendavit)
900 2329 1063 2408 improbat
1094 2326 1300 2405 eruditosque
1332 2323 1379 2390 eis
1406 2322 1453 2386 uti

277 2441 379 2515 vetat,
404 2453 538 2513 quarum
562 2453 675 2502 vocum
699 2436 771 2515 plus
796 2435 928 2500 dimidio
952 2434 1028 2499 libri
1049 2427 1152 2498 Vt'ot
1175 2430 1241 2496 VII
1264 2431 1318 2511 qui
1342 2431 1383 2495 de
1405 2430 1452 2494 in-

272 2541 469 2606 strumentis
489 2547 604 2624 agunt,
631 2543 804 2608 continent.
850 2542 1027 2622 Postquam
1048 2540 1266 2616 Phrynichum
1290 2543 1324 2604 et
1346 2536 1452 2602 Pollu·

269 2665 347 2713 cem
374 2649 526 2727 aequales
551 2655 683 2728 propter
701 2649 860 2714 rationem
885 2649 1090 2714 atticissandi
1114 2646 1315 2724 fontiumque
1332 2644 1451 2725 eligen-

269 2753 388 2818 dorum
419 2755 624 2821 adversarios
652 2755 754 2820 luisse
782 2756 1018 2837 intelleximus,
1050 2773 1185 2836 magnas
1214 2751 1451 2819 controversias

275 2860 362 2932 inter
382 2861 451 2926 hos
484 2861 562 2927 duos
592 2862 753 2928 atticistas
782 2863 897 2944 luisse,
925 2862 1029 2943 quoad
1060 2861 1217 2941 reliquiae
1248 2860 1451 2941 permittunt,

239 2963 245 2974 '
270 2968 471 3048 aperuimus.
502 2969 670 3034 Acerrime
694 2981 802 3034 autem
818 2969 1022 3051 Phrynichus
1049 2970 1084 3033 in
1099 2967 1263 3034 Pollucem
1286 2965 1451 3032 invehitur·

274 3074 307 3138 in
336 3075 388 3138 his
413 3075 531 3157 glossis
560 3073 590 3156 3,
622 3074 734 3156 6(clr.
760 3073 790 3157 8,
821 3075 872 3157 27,
902 3073 969 3157 44),
1001 3075 1097 3158 7,19
1126 3075 1195 3155 (cfr.
1219 3071 1285 3156 42),
1315 3071 1367 3153 33,
1397 3069 1470 3150 35,-

275 3177 328 3262 38,
359 3179 411 3244 41.
457 3180 525 3245 Iam
560 3181 796 3264 intellegimus,
835 3201 893 3247 cur
930 3182 1137 3264 Phrynichus
1174 3181 1208 3246 in
1246 3178 1449 3262 praefatione

268 3287 405 3353 dixerit:
433 3288 480 3350 Οὐ
500 3286 776 3365 dedecorauere,
800 3282 915 3368 ὥσπερ
934 3284 1008 3350 οὐδ’
1028 3287 1106 3350 ἄλλο
1130 3310 1164 3351 τι
1186 3295 1250 3349 τῶν
1270 3284 1352 3349 κατὰ
1374 3305 1449 3346 παι·

267 3394 373 3476 δείαν,
398 3386 440 3464 ὥς
464 3414 550 3465 τινες
573 3392 854 3466 ἀποπεπτωκότες
875 3399 929 3482 τῆς
953 3393 1087 3477 ἀρχαίας
1109 3398 1217 3480 φωνῆς
1240 3393 1294 3456 καὶ
1316 3385 1374 3455 ἐπὶ
1390 3389 1449 3478 τὴν

274 3497 427 3578 ἀμαθίαν
457 3505 713 3583 καταφεύγοντες
745 3501 911 3585 πορίζουσι
938 3505 1104 3586 μάρτυράς
1134 3521 1224 3572 τινας
1254 3508 1311 3562 τοῦ
1340 3518 1447 3582 προει·

267 3610 394 3693 aqueae
418 3607 485 3669 ὑιτδ
501 3615 565 3670 τῶν
583 3605 724 3689 ἀρχαίων
747 3609 841 3680 τάςδε
863 3608 920 3680 τὰς
936 3611 1053 3690 φωνάς.
1077 3608 1169 3697 ἡμεῖς
1191 3607 1226 3670 δὲ
1251 3609 1287 3670 οὐ
1305 3605 1387 3688 πρὸς
1407 3603 1447 3666 τὰ

269 3713 519 3798 διημαρτημένα
540 3712 721 3798 ἀφορῶμεν,
748 3713 828 3778 ἀλλὰ
845 3717 927 3800 ιτρδς
943 3716 982 3777 τὰ
995 3716 1198 3794 δοκιμώτατα
1214 3721 1279 3776 τῶν
1298 3711 1447 3796 ἀρχαίων.

266 3820 363 3902 Quae
387 3821 442 3901 qui
458 3821 537 3887 dicit
559 3823 868 3906 nonphilosophos'
884 3831 1039 3906 oratores,
1056 3821 1199 3892 medicos
1213 3821 1364 3903 castigat,
1388 3819 1446 3884 sed

274 3927 513 4010 grammaticos,
527 3928 580 4007 qui
596 3929 659 4009 ipsi
677 3947 802 4010 quoque
818 3930 852 3994 in
867 3930 981 3996 lexicis
997 3929 1225 4010 componendis
1237 3928 1445 4000 sudaverunt,
1501 4007 1506 4014 .

270 4052 376 4112 neque
403 4035 550 4102 homines
573 4036 728 4118 temporis
752 4037 828 4119 acti,
858 4036 917 4103 sed
946 4037 1098 4116 aequales
1108 4035 1139 4115 ¹).
1186 4036 1294 4114 Atque
1322 4033 1446 4108 conclu-

360 4211 380 4277 ¹)
399 4210 516 4262 Accedit
535 4210 610 4278 quod
622 4212 726 4262 Pollux
746 4212 779 4262 de
798 4212 895 4264 eadem
913 4227 943 4264 re
962 4211 1176 4278 reprehenditur
1195 4209 1349 4262 aLuciano
1362 4209 1444 4260 Bhet.
1570 4202 1573 4206 ’

266 4314 360 4366 praec.
387 4315 410 4350 o.
431 4300 464 4350 16
490 4315 531 4366 sq.
550 4307 579 4351 et
602 4285 755 4350 scholiasta
778 4299 806 4350 in
826 4299 894 4350 Luc.
918 4317 945 4366 p.
967 4300 1018 4350 174
1035 4300 1073 4352 R:
1098 4297 1185 4372 σωρὸν
1204 4297 1233 4352 δὲ
1254 4296 1352 4355 λέξεων
1372 4295 1444 4351 ddcd-

264 4406 363 4458 κριτον
383 4385 542 4454 ὑφιστάντα,
