3402 5066
722 435 934 498 ..31-

228 615 291 676 καλ
322 611 454 694 βελόνης
483 611 518 674 δὲ
551 615 692 692 τοῦνομα
726 608 761 674 ἐν
784 612 965 684 Εὐπόλιδος
992 616 1194 698 Ταξιάρχοις·
1224 607 1283 694 aya
1311 614 1348 677 δέ
1377 633 1411 694 γε

229 721 329 793 στῖξω
343 735 377 782 σε
389 718 572 799 βελόναισιν
586 723 699 801 τρισίν.
711 718 766 782 καὶ
778 718 948 803 βελονίδες,
961 711 1202 802 ὡςἜρμιττπος
1214 716 1250 783 ἐν
1263 723 1410 805 Μοίραις.

328 820 1306 908 fflfflwmffifflnwpfflRfflh'

326 933 359 997 X
389 930 452 996 138
484 933 539 994 καὶ
567 939 765 1015 στρωματεῖς
787 931 822 995 δὲ
846 927 1087 1014 Ἀπολλόδωρός
1113 953 1149 996 τε
1178 934 1195 994 ό
1222 931 1348 1018 Γελῷος
1375 929 1410 997 ἐν

233 1037 438 1102 mactatarum
467 1033 543 1122 ἔφη·
571 1041 716 1118 μάχαιρα
748 1037 843 1123 λόγχη
875 1039 1089 1122 στρωματεύς,
1125 1041 1143 1101 ό
1171 1039 1205 1102 δὲ
1235 1043 1410 1122 Καρύστιος

230 1140 479 1227 Ἀπολλόδωρος
496 1139 531 1206 ἐν
548 1139 861 1227 Ἀντενερχετοῦντι·
877 1144 951 1216 τοὺς
967 1152 1167 1228 στρωματεῖς
1183 1141 1284 1208 ἔλοον.
1301 1149 1410 1231 κέχρη-

233 1273 290 1313 ται
312 1249 346 1314 δὲ
369 1254 414 1336 aqi
438 1250 574 1329 ὀνόματι
596 1250 652 1311 καὶ
675 1245 870 1334 Ἀντιφάτης
894 1241 1249 1335 ἐνἈποκαρτεροῖντι.

323 1357 357 1442 9)
381 1357 456 1423 vido
479 1377 509 1422 n.
533 1356 577 1421 44
600 1377 630 1438 p.
655 1355 712 1422 27:

324 1465 357 1529 X
380 1464 446 1528 115
474 1465 511 1525 τό
533 1463 567 1526 δὲ
592 1457 805 1543 ἐντιθέμενον
835 1467 879 1550 τῷ
902 1464 1006 1550 λάχνῳ
1038 1463 1203 1547 θρυαλλίς,
1234 1461 1407 1548 ἐλλύχνιον,

226 1569 363 1654 φλόμος.

324 1676 378 1761 10)
403 1677 478 1742 vido
501 1697 530 1741 n.
555 1675 598 1739 46
622 1697 651 1758 p.
676 1675 731 1742 28:

322 1785 355 1848 X
379 1781 421 1846 39
444 1783 484 1845 τὰ
508 1782 570 1863 μὲν
594 1773 785 1846 adventata
808 1782 925 1847 καὶτὰ
949 1782 1112 1866 κνέφαλλα
1137 1786 1175 1847 od
1189 1790 1292 1863 μόνον
1315 1784 1406 1867 παρά

231 1897 301 1961 ,τοῖς
323 1890 486 1976 κωμῳδοῖς
509 1885 606 1972 ἐστιν,
636 1887 716 1952 ἀλλὰ
740 1892 795 1952 καὶ
820 1886 855 1952 ἐν
877 1893 1215 1980 τοῖςΛημιοιτράτοις
1239 1895 1408 1974 πέπραται

227 1995 413 2079 κνέφαλλον
429 1998 542 2059 καινὸν
565 1996 620 2058 καὶ
643 1996 823 2078 κνέφαλλον
840 1996 991 2059 παλαιόν.
1022 1996 1077 2059 καὶ
1099 1996 1179 2080 τόλη
1194 1996 1228 2060 δὲ
1253 1993 1332 2081 παρ’
1348 1999 1406 2060 Ed·

229 2103 343 2167 πόλιδι
371 2099 457 2166 ἔστιν
482 2101 602 2176 ἰάζοντι
625 2097 661 2164 ἐν
683 2109 751 2174 τοῖς
776 2102 921 2176 Κόλαξιν.
950 2101 1029 2167 ἀλλὰ
1054 2105 1108 2165 καὶ
1133 2104 1223 2186 παρὰ
1248 2103 1410 2186 Σοφοκλεῖ

228 2206 269 2272 ἐν
296 2214 337 2296 τῷ
352 2206 469 2273 Ἰοκλεῖ
488 2208 626 2288 λέγοντι·
650 2208 715 2272 κτλ.

322 2317 394 2400 Qua
416 2318 449 2382 in
473 2335 605 2383 recum
628 2317 811 2399 glossarum
836 2317 957 2383 alteras
981 2323 1109 2397 repetat
1125 2322 1261 2398 tantum,
1285 2317 1405 2383 alteras

227 2425 427 2491 testimoniis
451 2431 554 2505 ornct,
578 2423 690 2489 dubito
713 2443 755 2488 au
778 2423 934 2490 acerrime
949 2421 982 2487 X
1006 2421 1047 2486 62
1072 2428 1106 2489 et
1122 2420 1186 2485 138
1210 2423 1404 2488 sententiam

226 2549 322 2596 suain
346 2530 511 2611 defendat,
540 2548 611 2595 cum
634 2529 702 2595 illic
725 2530 862 2613 ξόστραν
883 2529 948 2595 nisi
975 2529 1025 2595 sui
1047 2529 1186 2594 nominis
1213 2530 1405 2596 auctoritate

229 2638 371 2717 superbe
392 2637 503 2702 addita
518 2654 582 2701 non
603 2635 759 2716 defendit,
779 2636 834 2702 hio
850 2642 1057 2718 στρωματεῖς,
1075 2654 1267 2717 quamquam
1280 2635 1346 2702 VII
1363 2635 1405 2700 79

226 2745 314 2809 hanc
338 2761 449 2810 vocem
477 2761 540 2808 non
569 2745 610 2809 ab
634 2743 869 2823 antiquioribus
890 2743 1044 2808 traditam
1068 2761 1142 2808 esse
1165 2743 1247 2809 dixit
1269 2742 1404 2823 eiusque

229 2869 324 2916 usum
358 2849 489 2914 dubium
520 2850 666 2931 reliquit,
699 2849 915 2931 castigatione
944 2850 1096 2915 incensus
1135 2868 1258 2914 summo
1297 2849 1404 2914 studio

228 2958 356 3038 probat.
401 2957 509 3036 Atque
547 2956 813 3021 iucundissimum
851 2959 903 3021 cst
941 2957 1064 3038 σαίρειν
1095 2960 1130 3021 et
1159 2955 1258 3039 σάρον
1288 2973 1402 3021 vocum

232 3063 454 3132 defensionem
470 3080 675 3145 cognoscere,
691 3061 924 3128 iucundissima
939 3062 996 3128 illa
1012 3061 1171 3141 quaestio:
1195 3112 1201 3124 .
1218 3111 1226 3125 .
1242 3063 1276 3122 ω’
1287 3059 1403 3124 κωλύει

225 3167 361 3232 κάκεῖνο
388 3167 500 3232 καλεῖν
530 3171 642 3253 σάρον,
672 3167 790 3249 Itaque
818 3185 922 3235 norae
953 3167 1138 3235 comoediae
1166 3173 1315 3235 auctores
1338 3187 1403 3233 nou

131 3334 134 3340 .
229 3279 293 3342 iam
320 3277 481 3358 repudiat,
512 3277 608 3341 immo
636 3293 736 3357 saepe
766 3275 888 3358 laudat,
916 3281 953 3340 ut
980 3293 1192 3356 perseverare
1220 3293 1257 3342 se
1284 3275 1319 3340 iu
1343 3293 1401 3342 sua

227 3383 355 3448 ratione
386 3382 591 3448 atticissandi
621 3401 717 3463 quam
745 3382 884 3448 maximo
915 3381 1020 3463 possit
1046 3381 1219 3463 perspicue
1246 3381 1399 3456 declaret,

224 3490 314 3555 sicut
336 3490 370 3554 iu
393 3489 446 3554 his
470 3489 581 3555 decem
608 3489 728 3571 glossis
749 3488 926 3570 Diphilum,
955 3487 1167 3570 Archippum,
1190 3487 1402 3569 Apollodoros

225 3593 366 3676 Geloum
391 3602 424 3661 ct
440 3595 621 3678 carystium
645 3600 749 3664 testes
772 3596 872 3662 habet
894 3595 1067 3661 imitandos
1084 3613 1144 3662 nec
1167 3613 1231 3660 nou
1247 3594 1401 3676 Epichar-

228 3722 315 3767 mum
339 3701 577 3784 Syracusanum
601 3701 764 3783 etiamque
784 3691 927 3768 Ionicam
949 3720 1062 3768 vocem
1086 3700 1165 3785 τόλη
1188 3701 1400 3784 commendat,

223 3809 315 3888 qnod
350 3809 437 3890 apud
470 3808 609 3890 llupolin
640 3814 675 3874 et
710 3807 901 3890 Sophoclem
937 3808 1072 3890 legitur:
1113 3813 1284 3888 tantopere
1315 3807 1400 3872 enim

223 3915 393 3980 Pollucem
417 3905 595 3980 atticistam
617 3935 638 3982 ¹a
655 3915 793 3981 testibus
817 3915 960 3995 pendere
976 3914 1276 3982 demonstravimus.
1308 3914 1399 3977 Anti·

225 4022 343 4102 phanis
372 4032 480 4087 autcm
511 4021 602 4087 cuius
631 4015 855 4105 βιβλιογράφος
882 4021 946 4086 VII
973 4021 1035 4084 211
1069 4040 1088 4086 a
1115 4020 1301 4104 Phrynicho
1329 4026 1400 4086 erat

228 4130 419 4211 castigatus,
444 4129 557 4194 laudat
573 4128 754 4216 comoedias
777 4137 814 4192 ut
829 4128 966 4208 optimos
989 4128 1203 4194 atticistarum
1220 4127 1337 4216 tontes,
1359 4143 1400 4192 cx

229 4234 350 4314 quihus
385 4254 498 4300 vocum
536 4235 683 4300 notiones
720 4233 955 4318 intellegantur
984 4233 1017 4298 X
1048 4232 1106 4313 62,
1137 4232 1190 4313 88,
1222 4229 1295 4308 103,
1327 4230 1400 4296 109.

226 4340 375 4438 Denique
401 4342 619 4431 Phrynichum
644 4343 714 4423 ipse
737 4341 947 4422 reprehendit
969 4341 1021 4405 his
1044 4340 1131 4406 locis.
