3402 5066
705 471 926 533 ..79-

219 642 245 702 -d
266 641 328 720 μέν
344 638 501 726 Ἀδριανὸς
524 639 542 706 ὁ
565 647 713 732 σοφιστής
737 639 841 708 εἰπών
865 651 1062 734 παραχρῆμα
1088 643 1215 718 πάντας
1239 643 1404 735 ἐξέπληξε·

227 754 298 811 πᾶν
321 749 381 833 γὰρ
403 745 422 812 il
445 751 573 835 ὡρίζετο
598 749 848 832 αὐτοσχεδιάζων
871 749 990 836 ἔλεγεν,
1027 747 1108 838 πρὸς
1131 757 1226 816 τοῦτο
1249 754 1284 817 δὲ
1309 749 1404 820 εἶπεν

225 857 245 917 δ
274 851 468 942 Ἀριστείδης
498 863 543 944 τῷ
571 856 698 945 Μάρκῳ
726 861 841 944 παρὼν
869 859 924 924 καὶ
955 854 1051 931 αδτδς
1088 855 1124 922 ἐν
1152 868 1222 932 ταῖς
1250 856 1404 949 Ἀθήναις

218 961 293 1024 δτι·
317 964 409 1053 ἡμεῖς
432 974 496 1027 τῶν
520 962 684 1046 ἐμούντων
706 969 764 1031 οὐκ
788 961 894 1050 ἐσμέν,
920 961 1000 1030 ἀλλά
1024 975 1088 1029 τῶν
1112 965 1328 1051 ἀκριβούντων
1348 972 1404 1034 καὶ

225 1078 290 1132 τῶν
313 1068 515 1155 ἀρεσκόντων
524 1074 555 1153 1).
588 1069 658 1136 ἀλλ’
672 1066 759 1154 ὅμως
787 1068 891 1136 εἰπών
920 1074 975 1136 καὶ
999 1068 1096 1145 αὐτὸς
1120 1074 1221 1137 πλέον
1249 1070 1402 1160 ἐξέπληξε

218 1177 281 1239 ,καὶ
313 1172 456 1266 ἐτιμήθη
486 1177 616 1264 σφόδρα.
668 1181 780 1262 Neque
815 1181 901 1248 enim
924 1181 1063 1247 Aristidi
1093 1182 1232 1247 facultas
1260 1190 1331 1248 erat
1361 1201 1402 1250 ex

225 1289 371 1365 tempore
392 1288 530 1369 dicendi,
549 1287 587 1352 V.
601 1287 632 1354 S.
649 1287 683 1354 II
700 1289 730 1371 9,
745 1289 780 1352 1:
797 1282 855 1350 ἐπὶ
871 1285 905 1350 δὲ
923 1281 958 1349 τδ
981 1286 1156 1366 σχεδιάζειν
1174 1285 1217 1375 μὴ
1239 1286 1402 1375 ἑπομένης

226 1393 315 1476 αὐτῷ
336 1395 392 1477 τῆς
413 1400 538 1476 φάσεως
557 1392 721 1478 ἀκριβείας
745 1389 936 1482 ἐπεμελήθη
959 1394 1015 1457 καὶ
1039 1387 1120 1476 πρὸς
1143 1394 1218 1466 τοὺς
1242 1394 1400 1466 παλαιοδς

224 1491 376 1584 ἔβλεψεν,
406 1499 522 1572 ἱκανῶς
546 1521 582 1564 τε
610 1505 796 1592 τῷχονίμῳ
824 1500 932 1581 ἴσχυσε
959 1501 1173 1585 κονφολοχίαν
1200 1496 1315 1574 ἐξελὼν
1343 1507 1401 1565 τοῦ

224 1601 329 1683 λόγου.
368 1607 572 1676 Facultatem
596 1627 638 1675 ex
660 1616 807 1691 tempore
831 1609 958 1676 dicendi
983 1609 1212 1691 appetiverunt
1235 1609 1399 1678 atticistuo

226 1731 289 1792 quo
312 1716 417 1797 magis
440 1715 586 1784 homines
603 1735 681 1784 vere
696 1717 799 1783 Attici
822 1716 1064 1799 habereutum).
1094 1714 1266 1799 ,Aristides
1289 1723 1398 1784 autom

223 1824 290 1884 tam
313 1839 448 1888 severus
470 1830 503 1889 et
519 1823 659 1906 diligens
682 1832 754 1890 erut
777 1824 810 1888 in
835 1823 994 1907 eligendis
1010 1829 1157 1891 veterum
1174 1823 1396 1907 scriptoribus,

219 1932 260 1991 ut
284 1925 415 1996 efficere
438 1931 566 1996 omnino
589 1950 652 1997 uon
676 1939 797 2014 posset,
828 1937 865 1996 ut
888 1949 930 1997 ex
951 1938 1098 2012 tempore
1127 1930 1258 1997 diceret.
1303 1929 1398 1998 Hanc

219 2050 334 2098 ¹ceram
362 2053 493 2102 causam
520 2056 579 2104 cur
607 2039 769 2104 orationes
792 2057 868 2104 suas
897 2036 1147 2121 diligentissime
1171 2036 1396 2122 elaborarem),

220 2137 361 2209 fortasse
381 2142 494 2215 eadem
510 2145 665 2226 temporis
681 2145 827 2225 impensa
851 2163 914 2225 qua
929 2143 1135 2228 Isocrates4),
1160 2143 1249 2210 cuius
1266 2151 1396 2210 causam

219 2252 334 2312 contra
356 2249 525 2316 Platonem
549 2251 706 2333 defendit,
730 2251 948 2316 Philostratus
971 2250 1130 2317 indicavit
1152 2250 1191 2316 V.
1215 2249 1247 2315 S.
1269 2250 1303 2315 ΙΙ
1326 2250 1395 2333 9,7

214 2353 275 2414 καὶ
298 2358 528 2433 τεχνικώτατος
550 2356 584 2421 δέ
609 2365 766 2441 σοφιστῶν
789 2351 806 2418 δ
830 2352 1023 2442 Ἀριστείδης
1054 2352 1181 2435 ἐγένετο
1209 2357 1265 2418 καὶ
1294 2355 1395 2427 πολδς

214 2455 257 2520 ἐν
280 2463 480 2550 θεωρήμασι,
506 2463 586 2527 thau
609 2467 664 2527 καὶ
687 2473 744 2527 τοῦ
769 2463 942 2542 σχεδιάζειν
959 2461 1146 2548 ἀπηνέχθη·
1169 2463 1206 2526 τδ
1229 2459 1288 2546 γὰρ
1311 2463 1393 2526 κατὰ

215 2569 364 2650 θεωρίαν
392 2570 568 2650 βούλεσθαι
601 2568 757 2656 προάγειν
790 2567 899 2633 πάντα
933 2567 1064 2649 ἀσχολεῖ
1090 2566 1150 2656 την
1180 2571 1309 2654 γνώμην
1338 2570 1394 2632 καί

213 2670 422 2739 ,ἀπαλλάττει
453 2688 510 2740 τοῦ
545 2674 685 2757 ἑτοίμου.
741 2678 851 2744 Noluit
884 2677 1048 2744 Aristides
1083 2677 1139 2758 qui
1172 2677 1296 2759 πρῶτος
1329 2679 1394 2738 acio

212 2771 376 2868 ’Ἑλλήνων
412 2803 484 2852 esse
524 2786 586 2852 sibi
622 2784 821 2866 videbatur¹⁵t
856 2786 889 2849 in
925 2785 1084 2851 electione
1120 2786 1291 2851 verborum
1328 2783 1392 2850 ullo

216 2891 374 2957 uocabulo
398 2893 455 2974 uti,
480 2893 542 2957 uisi
566 2893 653 2974 apud
677 2875 813 2959 veteres
830 2892 983 2973 scriptum
1007 2892 1221 2958 inveniretur:
1252 2889 1327 2972 περὶ
1356 2889 1391 2952 δέ

212 2993 390 3080 έρμηνείας
401 3008 554 3061 τοσοῦτον
570 2988 611 3060 άν
628 2996 766 3081 εἴποιμι,
782 3000 863 3085 μήτε
875 2992 1013 3076 ὀνόματι
1026 2999 1109 3084 μήτε
1123 2997 1240 3083 ῥήματι
1250 2999 1391 3081 χρῆσθαι

212 3101 327 3175 ,ἄλλοις
349 3103 436 3192 πλὴν
456 3113 522 3176 τοῖς
546 3100 581 3168 ἐκ
600 3108 665 3168 τῶν
684 3103 851 3192 βιβλίων).
885 3105 1000 3186 Itaque
1016 3105 1236 3171 Alexandrum
1257 3104 1390 3187 Ootyae·

212 3230 330 3278 ensem
361 3213 552 3295 magistrum
585 3213 706 3295 laudat,
739 3213 823 3294 quod
847 3219 976 3279 veteres
1009 3212 1184 3292 scriptores
1216 3211 1389 3277 imitandos

211 3318 466 3401 diligentissime
498 3317 676 3403 clegeritll.
729 3321 778 3385 Ac
810 3319 942 3386 Polemo
973 3319 1046 3400 ipse
1078 3335 1203 3397 quoque
1234 3317 1388 3382 Aristidis

213 3432 407 3506 praeceptor
430 3426 661 3493 Demosthenis
685 3431 825 3492 statuam
846 3426 997 3507 Pergami
1020 3420 1230 3507 constituis),
1245 3431 1290 3489 -ut
1312 3425 1388 3489 inde

306 3675 325 3740 ¹)
345 3675 401 3726 Gir.
420 3677 453 3731 V.
474 3677 501 3727 S.
521 3676 638 3741 119,4.

302 3765 324 3832 ²)
344 3765 400 3816 cfr.
419 3783 446 3832 p.
468 3767 511 3818 77.

303 3851 325 3921 ³)
344 3855 451 3920 Rohde,
471 3855 528 3906 Der
547 3853 721 3920 griechis'cho
739 3854 849 3904 Roman
868 3869 894 3919 p.
914 3853 965 3903 sti
986 3851 1049 3904 adn.
1067 3852 1093 3900 4.

302 3941 325 4009 ¹)
344 3943 541 4008 Wilamowitz,
560 3944 612 3995 Die
632 3943 806 4008 griechische
824 3942 969 3992 Literatur
987 3956 1014 4006 p.
1036 3941 1094 3992 164.

230 4069 231 4072 =
301 4031 324 4101 ⁶)
345 4031 420 4106 Πρὸς
439 4031 502 4092 τοὺς
522 4032 701 4106 αἰτιωμένους
720 4034 767 4085 κτλ
786 4031 820 4082 32
839 4030 871 4081 11
890 4031 942 4080 236
961 4029 996 4094 K,
1016 4029 1047 4080 11
1066 4029 1118 4080 582
1137 4029 1171 4080 D.

302 4122 323 4188 ⁶)
346 4121 456 4193 Τεχνῶν
476 4126 625 4196 ῥητορικῶν
643 4123 667 4172 Β
686 4123 718 4173 ΙῙ
737 4121 789 4171 796
808 4121 841 4172 D.
880 4118 1001 4184 Schmid,
1021 4118 1079 4170 Der
1097 4118 1155 4168 Aac.
1175 4116 1190 4166 I
1208 4133 1235 4182 p.
1254 4116 1314 4170 204.

302 4210 323 4279 ⁷)
343 4212 402 4266 Ἐπὶ
421 4209 584 4284 Ἀλεξάνδρῳ
603 4207 753 4278 ἐπιτάφιος,
773 4211 805 4261 ΙΙ
823 4210 876 4260 218
895 4198 991 4273 sq.'K,
1011 4207 1026 4257 1
1046 4208 1095 4258 135
1116 4221 1176 4270 sqq.
1196 4207 1231 4271 D,
1249 4204 1385 4271 imprimis

213 4301 316 4368 11220,
333 4305 363 4354 ld
377 4303 404 4354 K
416 4302 480 4352 -.1
498 4302 546 4354 138
559 4302 593 4366 D,
614 4301 660 4352 κατ’
672 4296 758 4372 μόνος
771 4295 872 4370 πλήθει
888 4317 917 4351 τε
932 4297 978 4349 κοί
998 4294 1122 4366 ἀκριβείᾳ
1134 4291 1283 4366 μαρτύρων
1299 4291 1384 4347 ἐνίκα.

301 4393 323 4459 ⁸)
342 4393 521 4456 Phrynichus
540 4407 567 4444 n.
585 4391 637 4440 395
656 4405 683 4455 p.
702 4393 755 4439 4e4
773 4389 799 4438 R
818 4389 869 4438 421
889 4387 920 4438 L.
