3402 5066
132 2311 195 2366 ,1”

121 2373 142 2408 p

778 435 999 499 ...34-

302 617 426 686 saeculi
449 617 497 682 IV
520 633 693 696 eorumque
724 615 891 696 discipulis
920 612 1170 694 exercitemm1)
1198 613 1232 678 in
1256 613 1419 679 saeculum
1443 611 1478 676 Il

301 724 515 806 transierunt,
539 727 649 790 tamen
667 727 865 804 quantopere
882 721 1048 802 sophistae
1063 719 1159 786 huius
1175 720 1240 785 iem
1256 720 1374 786 aetatis
1390 719 1478 784 inter

301 850 337 897 se
362 829 561 898 certaverint
584 829 802 896 Philostratus
825 828 988 894 nonnullis
1011 827 1091 894 locis
1118 845 1177 893 uos
1201 825 1337 908 docet²h
1384 825 1476 908 Quod

302 938 390 1005 enim
421 935 536 1002 scribit
556 935 595 1001 V.
619 934 650 1003 S.
679 937 696 1001 I
727 933 758 1018 8,
790 933 811 997 5
842 934 879 996 τὸ
910 932 969 1017 γὰρ
1002 932 1177 1016 φιλότιμον.
1204 987 1212 1004 ,
1243 985 1250 999 .
1279 985 1286 998 .
1315 927 1373 994 ἐπὶ
1402 931 1478 1002 τοὺς

305 1043 508 1122 ἀντιτέχνους
530 1045 640 1125 φοιτᾷ,
665 1046 819 1124 expertus
843 1041 951 1108 dicere
967 1041 1105 1108 videtur.
1143 1041 1259 1120 Itaque
1281 1038 1429 1105 Herodes
1444 1043 1478 1104 et

304 1150 472 1218 Secundus
496 1147 547 1234 (V.
570 1147 601 1215 S.
625 1151 642 1215 Ι
665 1148 719 1228 26,
744 1147 787 1233 1),
811 1148 1011 1215 Timocrates
1039 1155 1073 1214 et
1096 1146 1305 1229 Scopelienus
1333 1144 1383 1230 (V.
1407 1143 1438 1210 S.
1462 1145 1479 1208 I

304 1256 357 1340 25,
374 1256 419 1342 4),
434 1256 566 1322 Polemo
580 1260 614 1322 et
628 1256 834 1323 Phavorinus
850 1254 901 1340 (V.
918 1254 949 1321 8.
966 1254 982 1319 Ι
998 1252 1029 1337 8,
1046 1252 1089 1337 5),
1112 1254 1168 1320 elii
1183 1252 1277 1319 multi
1291 1251 1478 1318 inimicitias

303 1369 529 1445 exercuerunt,
564 1363 721 1430 Proculus
756 1363 948 1429 Naucratita
982 1362 1179 1429 invectivam
1213 1361 1247 1426 iu
1282 1377 1393 1426 omues
1424 1358 1479 1438 qui

304 1470 444 1538 Athenis
459 1470 646 1552 docuerunt,
663 1469 843 1551 composuit
856 1475 891 1535 et
906 1487 947 1536 ne
957 1468 1177 1549 Hippodromo
1190 1466 1318 1547 quidem
1333 1467 1480 1548 pepercit

303 1576 355 1660 (V.
380 1575 545 1672 11127,
570 1573 612 1661 3).
650 1575 812 1658 Discipuli
839 1576 904 1642 iem
927 1576 1014 1641 rixas
1042 1575 1128 1642 inter
1156 1592 1192 1642 se
1214 1575 1345 1640 ciebant
1372 1570 1424 1657 (V.
1448 1571 1479 1638 S.

304 1683 405 1766 1121,
419 1681 452 1767 3)
469 1687 503 1750 et
514 1683 687 1766 magistros
703 1684 744 1749 eb
757 1681 955 1749 adversariis
972 1682 1193 1749 defendebant
1208 1681 1257 1762 (V.
1276 1679 1307 1746 S.
1322 1680 1339 1744 I
1355 1678 1479 1763 25,12;

305 1791 340 1855 II
365 1792 416 1873 10,
442 1788 474 1873 2;
500 1789 553 1871 26,
578 1790 615 1872 1,
639 1788 692 1873 27,
718 1787 760 1874 3).
805 1787 942 1856 Accedit
967 1789 1050 1869 quod
1073 1789 1140 1855 illis
1163 1788 1363 1870 temporibus
1386 1787 1481 1852 multi

305 1897 530 1964 adversarium
561 1897 608 1962 ite
640 1895 777 1980 aggredi
810 1896 973 1978 solebant,
1008 1901 1046 1961 ut
1076 1896 1146 1962 eius
1176 1913 1292 1962 nomeu
1324 1893 1480 1974 celarent,

306 2003 404 2069 sicuti
419 2002 604 2069 Theodotus
620 2001 784 2070 Herodem
808 2000 860 2086 (V.
876 2000 907 2067 S.
923 2002 958 2067 II
974 2000 1004 2084 2,
1023 2000 1066 2085 1),
1090 2002 1309 2068 Philostratus
1326 1999 1481 2067 Lemnius

308 2109 484 2190 Aspesium
507 2107 558 2187 (V.
582 2108 613 2175 S.
636 2108 670 2173 II
694 2106 747 2192 33,
773 2106 817 2194 3),
840 2109 1003 2175 Lucienus
1026 2109 1192 2175 Pollucem
1203 2107 1236 2192 ³).

397 2215 579 2305 Quaecum
594 2215 642 2281 ite
658 2215 735 2298 sint,
759 2234 820 2283 nec
839 2216 1060 2299 Phrynichum
1075 2215 1218 2282 Pollucis
1241 2234 1302 2282 nec
1317 2215 1481 2282 Pollucem

308 2322 486 2404 Phrynichi
521 2323 716 2407 montionem
749 2322 869 2390 fecisse
903 2323 1020 2389 mirum
1051 2341 1115 2388 nou
1145 2327 1204 2389 est.
1257 2321 1366 2405 Quid?
1398 2321 1482 2402 quod

307 2429 513 2512 Phrynichus
537 2429 571 2494 in
593 2433 720 2512 septem
743 2429 868 2511 priores
891 2434 1018 2496 tentum
1034 2429 1133 2496 libros
1150 2429 1294 2497 Pollucis
1316 2429 1483 2497 invehitur

308 2543 344 2602 et
355 2535 471 2601 Pollux
487 2540 563 2602 ente
578 2536 599 2601 1.
615 2535 698 2602 VIII
714 2536 926 2617 compositum
942 2537 1136 2617 professoris
1155 2554 1288 2603 munere
1303 2537 1481 2602 instructus

307 2641 635 2723 evituperetionibus
659 2641 841 2708 adversarii
864 2660 900 2709 se
924 2641 1081 2725 defendit,
1105 2643 1283 2711 verisimile
1306 2649 1358 2710 est
1380 2643 1483 2724 Phry-

309 2747 441 2814 nichum
471 2766 535 2814 non
558 2747 662 2813 solum
684 2748 781 2830 paulo
804 2753 880 2830 post
901 2749 921 2814 1.
945 2749 1010 2814 VII
1033 2750 1175 2816 Pollucis
1204 2750 1359 2817 emissum
1381 2749 1482 2817 libros

308 2873 384 2921 suos
405 2853 577 2935 scripsisse
600 2855 773 2922 sedetiam
797 2874 870 2922 cum
888 2856 1020 2923 Polluce
1044 2855 1084 2923 de
1110 2857 1266 2923 cathedra
1288 2856 1483 2924 Atheniensi

310 2960 488 3043 sophistice
511 2961 699 3029 certavisse.
737 2961 809 3028 Hoc
832 2981 947 3028 munus
976 2962 1060 3043 quod
1083 2966 1125 3030 eb
1147 2964 1295 3030 omnibus
1328 2963 1482 3045 sophistis

310 3068 574 3134 honestissimum
598 3085 672 3134 esse
696 3069 916 3134 existimatum
940 3076 1063 3135 certum
1092 3070 1189 3153 est4),
1221 3077 1255 3136 et
1276 3071 1483 3153 Phrynichus

311 3178 346 3240 et
360 3173 478 3239 Pollux
493 3175 698 3253 appetebant.
736 3175 785 3240 Ac
800 3175 916 3240 Pollux
938 3175 1040 3242 libros
1063 3177 1111 3242 VI
1125 3183 1159 3242 et
1176 3177 1239 3242 VII
1255 3178 1311 3244 vix
1335 3177 1483 3244 emisisse

310 3279 450 3356 videtur,
468 3298 539 3346 cum
556 3279 711 3347 cathedre
732 3280 909 3361 sophistice
926 3281 1137 3349 Atheniensis
1154 3290 1366 3366 praeceptore
1379 3290 1483 3351 vacet.

402 3510 423 3576 ¹)
443 3509 506 3571 Qua
525 3509 558 3561 de
577 3525 607 3561 re
626 3509 786 3562 doctissime
805 3511 864 3575 egit
884 3511 918 3566 G.
939 3511 1058 3576 Sievers,
1084 3513 1141 3564 Das
1160 3513 1255 3565 Leben
1279 3513 1327 3565 des
1347 3513 1484 3566 Libeuius

311 3599 389 3664 1868,
407 3615 435 3664 p.
454 3599 489 3649 34
508 3614 559 3665 sq,
578 3599 621 3652 46.

400 3700 421 3773 ¹)
441 3703 474 3758 G.
492 3704 618 3757 Boissier
636 3705 735 3757 Revue
762 3706 810 3757 des
830 3706 903 3757 doux
922 3707 1037 3761 mondes
1056 3708 1141 3759 LXII
1161 3710 1238 3774 1884,
1257 3726 1283 3775 p.
1304 3710 1365 3762 887.
1402 3709 1435 3763 G.
1454 3709 1483 3764 F.

311 3793 479 3858 Hertnberg,
499 3793 668 3845 Geschichte
683 3793 903 3846 Griechenleuds
922 3802 1006 3848 unter
1025 3797 1074 3848 der
1086 3797 1253 3849 Herrseheft
1272 3798 1320 3850 der
1332 3799 1436 3850 Romen
1457 3800 1486 3850 11

313 3882 390 3947 1868,
408 3898 435 3947 p.
451 3883 503 3933 509
517 3897 586 3948 sqq,
607 3883 654 3934 III
675 3884 752 3948 1871,
771 3900 798 3950 p.
814 3885 874 3950 103,
895 3885 945 3936 118
960 3901 1001 3952 sq.
1032 3887 1068 3937 Η.
1087 3887 1181 3951 Peter,
1199 3887 1252 3939 Die
1265 3887 1486 3953 geschichtliehe

310 3969 455 4022 Literatur
466 3972 536 4022 tiber
549 3970 593 4023 die
606 3971 744 4023 romische
754 3971 912 4025 Keiserzeit
924 3973 968 4025 bis
979 3974 1155 4027 Theodosius
1169 3977 1183 4026 1
1194 3976 1251 4027 und
1263 3977 1325 4028 ihre
1338 3975 1455 4043 Qualien
1468 3978 1485 4028 I

301 4059 392 4125 1897,
410 4076 438 4125 p.
458 4059 519 4112 881.
556 4059 588 4112 II.
607 4060 714 4127 Rohde,
739 4062 797 4113 Der
814 4062 988 4126 griechische
1008 4064 1117 4116 Romen
1138 4065 1227 4130 19002,
1251 4083 1278 4132 p.
1298 4066 1358 4132 817,
1378 4066 1440 4119 adn.
1460 4068 1486 4120 2.

386 4161 423 4234 ⁸⁸)
444 4165 473 4219 O.
493 4167 522 4223 Il.
542 4166 650 4233 Renke,
669 4169 773 4219 Pollux
792 4175 820 4220 et
838 4169 983 4221 Lucienus
1004 4171 1082 4236 1831,
1100 4189 1127 4238 p.
1147 4173 1182 4223 80
1202 4189 1262 4239 sqq.

402 4269 425 4339 ⁴)
445 4272 477 4333 G,
501 4273 683 4339 Bernhardy,
710 4275 865 4326 Gruudriss
895 4276 944 4327 der
970 4276 1164 4342 griechischen
1189 4279 1333 4331 Literatur
1358 4276 1384 4330 1⁸
1409 4280 1487 4345 1861,

312 4376 340 4427 p.
360 4361 410 4412 587
426 4377 467 4427 sq.
