3402 5066
692 445 913 508 ..33-

831 622 960 708 εἶδέναι,
971 630 1083 710 μηνόω
1096 644 1142 690 σοι
1159 627 1208 689 ότι
1223 627 1277 689 καὶ
1289 635 1390 689 ταῦτα

830 733 926 814 ἄμφω
965 723 1056 815 εὗρον
1095 730 1131 795 ἐν
1164 736 1306 805 Θεανοῦς
1336 739 1391 818 της

831 843 1026 922 Πυθαγόρου
1064 841 1211 920 γοναικδς
1241 837 1390 924 ἐπιστολῇ

831 946 912 1027 πρδς
932 950 1118 1029 Τιμαρέταν
1134 952 1301 1031 γραφείση·
1322 944 1390 1008 όδὲ

831 1049 1059 1136 οἰκοδεσπότης
1082 1049 1150 1116 ἔστι
1169 1055 1223 1116 καὶ
1245 1049 1391 1126 Ἀλέξιδος

830 1155 866 1220 ἐν
894 1163 1106 1242 Ταραντίνοις

259 1287 289 1332 n.
319 1265 383 1328 398
425 1287 455 1348 p.
487 1263 552 1330 496
583 1267 612 1332 R
649 1267 713 1331 427
746 1269 773 1332 L
874 1263 988 1330 X106
1012 1267 1066 1327 καὶ
1089 1263 1251 1347 κάκκαβον
1273 1266 1309 1329 δὲ
1333 1265 1391 1354 την

213 1369 388 1453 κάκκαβον·
412 1372 465 1435 διὰ
489 1381 546 1435 τοῦ
568 1393 587 1458 η
611 1370 775 1458 κακκάβην
830 1368 993 1456 κακκάβην
1011 1367 1092 1434 κατὰ
1108 1371 1168 1460 την
1183 1383 1247 1435 τῶν
1262 1372 1391 1436 πολλῶν

213 1479 302 1558 λέγε·
315 1479 352 1541 τδ
371 1474 429 1559 γὰρ
448 1474 501 1541 διὰ
518 1488 576 1542 τοῦ
597 1477 773 1559 οάμαθές·
828 1483 943 1603 χρῆσιν
993 1474 1185 1564 Αντιφάνης
1239 1479 1391 1648 κε’κληκεη

211 1586 270 1648 καὶ
297 1580 357 1668 γὰρ
376 1582 605 1670 Ἀριστοφάνης
633 1579 668 1648 ἐν
696 1591 773 1649 Δαι
830 1581 934 1646 εἰπὼν
962 1580 997 1646 ἐν
1026 1589 1276 1669 Παρασίτῳμ

214 1688 300 1776 δάλῳ
323 1712 437 1779 χρηται
460 1686 512 1754 διδ
536 1713 593 1754 τοο
616 1711 647 1775 η
830 1687 1013 1774 Νικοχάρης
1039 1687 1114 1753 δὲ’
1098 1712 1134 1754 εν
1158 1611 1355 1776 Λημνίαιςκ
1349 1691 1391 1754 εἴ

246 1803 250 1809 “
829 1817 905 1882 ρηκε
929 1792 1118 1877 κακκάβοος.

304 1957 482 2025 Nonnullas
502 1959 604 2042 igitur
619 1977 728 2041 voces,
753 1977 833 2040 quas
851 1958 1058 2048 Phrynichus
1081 1958 1276 2040 repudiavit,
1301 1959 1393 2025 testi·

214 2066 331 2132 moniis
362 2065 456 2131 fulcit
479 2065 597 2132 Pollux
627 2071 662 2133 et
690 2084 883 2146 quamquam
907 2061 1135 2149 οἰκοδεσπότης
1163 2070 1197 2132 et
1221 2059 1392 2146 ἐνδομενία

213 2172 437 2238 nominibus
427 2190 499 2254 rpse
527 2190 593 2238 uon
619 2173 691 2240 vult
718 2172 775 2255 uti,
811 2179 921 2239 tamen
949 2178 1076 2238 tantum
1105 2175 1263 2255 abest,u
1241 2179 1393 2239 uteaa

214 2284 266 2344 cet
265 2281 333 2345 eris
356 2279 478 2346 literat
454 2285 497 2345 trs
521 2278 669 2347 adhiberi
693 2284 793 2362 vetet,
817 2286 855 2345 ut
877 2284 990 2362 testes,
1015 2281 1069 2360 qui
1094 2280 1141 2344 eis
1165 2280 1216 2345 usi
1239 2279 1316 2361 sint,
1345 2280 1392 2343 in·

214 2385 308 2452 dicet.
355 2385 437 2450 Tum
467 2385 624 2452 Herodoti
653 2391 727 2453 auct
729 2385 776 2452 ori
778 2390 879 2453 tatem
903 2385 1058 2468 defendit,
1035 2391 1182 2466 tquem
1211 2387 1304 2466 sequi
1327 2403 1392 2450 non

214 2493 305 2558 dubit
291 2498 348 2557 tat
398 2492 481 2574 Quin
507 2493 605 2558 etiarn
633 2492 809 2558 cottidiano
833 2511 981 2559 sermone
1012 2496 1058 2557 utr
1051 2492 1114 2557 'tur
1142 2491 1174 2555 X
1203 2488 1245 2552 88
1270 2484 1391 2576 οὐγὰρ

215 2600 361 2677 ἄχθομαι
384 2592 423 2660 τὰ
450 2599 576 2686 σννηδη
599 2607 663 2661 τῶν
687 2595 896 2681 ὀνομάτωνῇ)
920 2590 981 2661 κᾶν
1005 2593 1096 2682 παρά
1121 2619 1185 2659 τινι
1206 2605 1271 2660 τῶν
1295 2582 1392 2684 ἧττον

214 2709 437 2789 κεκριμμὲνονν
469 2705 550 2788 εόρω
579 2704 650 2790 (c.fr
677 2707 710 2771 X
739 2705 811 2791 60),
846 2725 1001 2788 παραγων
1030 2701 1076 2776 εἰς
1103 2708 1223 2825 χρησιν,
1256 2697 1393 2767 ἐπειδάν

215 2810 276 2891 ἔχιν
300 2811 358 2899 την
382 2812 464 2895 πρός
487 2812 543 2873 τδν
568 2808 706 2876 εἰπόντα
730 2810 950 2897 ἀποστροφήν.
974 2812 1012 2873 τδ
1033 2810 1095 2889 μὲν
1119 2805 1200 2894 γάρ.
1221 2861 1260 2893 ..‚
1285 2829 1391 2891 neque

214 2921 299 2986 enim
325 2939 397 2986 cum
421 2918 575 2985 atticistis
599 2919 818 2987 severioribus
841 2918 921 2984 facit
943 2919 976 2982 X
1001 2917 1042 2980 23
1067 2916 1097 2978 οἱ
1120 2914 1182 2995 μὲν
1204 2907 1263 2977 οὖν
1287 2913 1390 2999 ἀκρι-

214 3029 398 3109 βέστερον
422 3022 653 3110 ἑρμηνεύειν
679 3027 914 3116 πειρώμενοι
944 3018 1001 3094 τὰς
1024 3022 1110 3095 κλεῖς
1131 3021 1254 3085 οἴονται
1276 3024 1391 3109 προση-

214 3154 283 3196 κειν
305 3132 420 3212 λέγειν,
454 3132 505 3194 ότι
536 3132 592 3195 καὶ
615 3126 706 3216 παρὰ
731 3135 943 3217 Δημοσθένει
975 3124 1033 3191 ἐπὶ
1056 3138 1110 3192 τοῦ
1135 3124 1171 3191 ἒν
1194 3132 1238 3214 τῷ
1268 3130 1392 3209 σώματι

213 3245 329 3326 με’ροος
358 3237 483 3325 εἴρηται
514 3237 592 3328 ,μην
615 3238 704 3302 κλεῖν
727 3239 936 3317 κατεαγότα“.
966 3238 1139 3317 ὁμώνυμον
1162 3230 1291 3298 δ’ἐστὶν
1320 3232 1390 3297 ἑκά-

214 3368 309 3432 τερον
333 3343 474 3432 ἑκατέρῳ
502 3343 653 3429 τοῦνομα,
678 3393 685 3409 .
709 3399 714 3411 .
737 3399 743 3411 .
769 3340 804 3408 ἒν
827 3344 862 3408 δὲ
889 3347 935 3429 τῷ
958 3346 1081 3406 Λοσίον
1111 3344 1193 3426 πρδς
1221 3341 1393 3404 Φίλιππον

216 3449 393 3540 ἐπιτροπῆς
428 3446 485 3524 τὰς
521 3452 647 3524 κλεῖδας
685 3449 878 3540 εὑρήκαμεν,
909 3503 916 3516 .
943 3503 980 3516 ..
1012 3451 1201 3532 quibuscum
1237 3449 1393 3515 atticistis

214 3562 419 3644 Phrynichus
443 3561 546 3627 sentit
568 3560 654 3642 apud
677 3561 866 3628 Bekherum
890 3557 1011 3624 Aneod.
1036 3555 1091 3622 Gr.
1115 3557 1131 3621 l
1154 3576 1183 3637 p.
1208 3553 1261 3637 48,
1287 3558 1315 3620 7.

367 3757 389 3839 ξ
413 3756 444 3822 4.
477 3755 529 3821 lle
553 3772 693 3821 summa
715 3753 806 3836 litis,
830 3771 900 3834 quo
924 3755 1087 3837 temporo
1111 3751 1235 3817 fuerit.

305 3900 396 3966 Inter
418 3899 583 3966 Pollucem
607 3904 642 3964 et
664 3897 885 3980 Phrynichum
909 3896 1060 3976 aequales
1084 3895 1241 3960 maximas
1266 3900 1392 3959 contro·

217 4007 342 4075 versias
365 4006 468 4073 luisse
492 4005 721 4072 intelleximus.
762 4004 962 4086 Quamquam
986 4002 1071 4068 enim
1095 4019 1206 4068 eorum
1222 4005 1393 4066 consuetu·

215 4115 324 4179 dinem
354 4131 419 4178 non
447 4130 574 4194 sequor,
607 4112 661 4192 qui
692 4110 880 4178 testimonia
911 4108 1152 4174 inimicitiarum
1183 4126 1202 4171 a
1233 4105 1390 4187 sophistis

305 4290 325 4356 1)
342 4287 535 4341 Philostratus
555 4287 636 4355 epist.
653 4303 745 4353 praec.
763 4286 778 4336 I
796 4303 823 4352 p.
836 4286 888 4337 337
903 4286 949 4338 W.
969 4279 1019 4353 τὴν
1038 4281 1116 4337 ἰδέαν
1135 4281 1320 4352 δεπκωτέρον
1337 4281 1392 4353 μὲν

216 4378 376 4449 ξονηόείας.
401 4376 606 4448 ξυνηόεστέραν
631 4375 829 4433 δίἷττικίσεως.
867 4374 923 4425 cfr.
944 4373 1080 4425 Garanum
1098 4371 1174 4422 XIII
1192 4387 1218 4436 p.
1238 4371 1298 4434 407,
1319 4370 1336 4419 8
1354 4370 1391 4426 Κ,

1212 4459 1228 4509 ³
