3402 5066
577 1285 836 1433 Argumenti
870 1318 1034 1408 tabula.

1319 1578 1379 1632 Peg.

219 1654 242 1706 Ι.
264 1653 412 1714 Quomodo
431 1650 610 1716 Phrynichus
630 1657 658 1703 st
677 1652 780 1702 Pollux
798 1651 871 1702 intsr
891 1668 920 1701 so
940 1651 1135 1703 contenderint
1165 1689 1170 1703 .
1209 1690 1215 1703 .
1253 1692 1259 1708 .
1308 1652 1394 1701 1-46

328 1742 386 1804 51.
424 1742 467 1792 Ds
485 1737 629 1791 comoedia
647 1739 773 1791 Pollucis
792 1740 870 1790 fonte
899 1777 1260 1794 .........
1308 1741 1393 1790 l-ll

328 1831 386 1893 52.
424 1829 466 1880 De
485 1828 639 1892 Phrynichi
656 1828 767 1880 ratione
786 1828 962 1880 atticissandi
988 1865 1261 1882 .......
1293 1829 1394 1878 11-21

329 1919 386 1982 §3-
423 1918 466 1968 De
485 1917 588 1981 glossis
607 1915 748 1969 Pollucsis
768 1933 784 1968 a
802 1916 965 1982 Phrynicho
985 1918 1131 1982 castigatis
1165 1961 1171 1973 .
1210 1959 1215 1970 .
1254 1959 1259 1970 .
1289 1916 1394 1966 ‘zi-33
1453 1916 1457 1924 ’

329 2008 386 2070 54.
424 2006 466 2057 De
485 2022 593 2057 summa
612 2005 670 2057 litis
690 2022 745 2072 quo
766 2011 890 2072 tempore
910 2006 996 2058 fuerit
1034 2044 1261 2060 ......
1290 2005 1395 2057 33-46

221 2132 261 2182 Il.
281 2133 324 2181 Dc
343 2131 497 2195 Phrynichi
516 2136 545 2182 et
562 2128 686 2181 Pollucis
706 2129 861 2195 disciplinis
899 2168 1260 2184 .........
1288 2132 1394 2182 47-87

329 2223 388 2283 §L
425 2222 466 2272 De
485 2218 623 2271 Hadriani
642 2219 893 2271 declamationibus
944 2259 1261 2276 ........
1289 2221 1395 2271 47-63

455 2312 478 2362 1.
516 2310 558 2360 De
577 2307 716 2374 excerptis
736 2307 905 2373 quibusdam
924 2309 1062 2359 Hadriani
1081 2316 1110 2360 ct
1128 2309 1306 2360 Iamblichi.
1361 2309 1395 2358 47

454 2400 478 2450 2.
515 2398 558 2448 De
576 2397 723 2448 Iamblichi
743 2404 771 2448 ct
789 2396 926 2448 Hadriani
946 2415 1073 2448 sermone
1123 2436 1306 2451 .....
1363 2397 1395 2447 57

330 2489 389 2550 52.
426 2486 601 2539 Hadrianum
620 2485 774 2537 atticistam
792 2485 880 2537 luisse
899 2487 1129 2538 demonstratur
1167 2528 1173 2540 .
1256 2488 1397 2539 ,63-76

456 2579 479 2628 1.
517 2576 559 2628 De
578 2575 712 2627 methodo

454 2667 479 2719 2.
516 2666 558 2716 De
576 2663 668 2730 patria
686 2665 823 2716 Hadriani
855 2702 1307 2718 ...........
1364 2664 1398 2714 66

455 2756 479 2805 3.
517 2755 559 2805 Dc
578 2753 715 2805 Hadriani
733 2753 870 2818 magistro
891 2760 918 2804 et
938 2754 1083 2820 discipulis
1121 2791 1305 2808 .....
1363 2754 1398 2803 68

455 2845 480 2894 4.
517 2843 559 2893 Dc
579 2843 712 2894 cathedra
731 2842 885 2908 sophistica
900 2880 1308 2897 ..........
1364 2843 1398 2892 73

456 2934 480 2983 5.
518 2933 560 2984 De
579 2931 716 2982 Hadriani
735 2932 810 2998 apud
828 2931 1000 2998 posteriores
1020 2932 1188 2983 auctoritate
1215 2969 1220 2980 .
1259 2971 1265 2982 .
1304 2972 1309 2983 .
1365 2930 1398 2980 75

332 3023 390 3086 53.
428 3023 470 3074 De
490 3021 575 3072 sectis
595 3021 763 3088 quibusdam
783 3020 970 3072 atticistcrum
991 3057 1265 3075 .......
1294 3020 1399 3070 76-87

459 3113 481 3162 l.
518 3110 561 3160 De
579 3108 768 3160 atticistarum
787 3110 818 3160 11
836 3127 863 3176 p.
884 3110 947 3160 Chr.
968 3127 994 3160 n.
1015 3127 1036 3163 s.
1057 3109 1215 3161 elocutione
1259 3149 1265 3160 .
1303 3145 1309 3159 .
1366 3108 1399 3158 76

457 3202 481 3251 2.
519 3200 561 3252 De
584 3199 693 3252 ratione
719 3215 791 3265 quae
815 3199 971 3250 intercedat
993 3199 1067 3249 inter
1085 3197 1259 3250 Hadrianum
1283 3203 1311 3249 et

582 3287 735 3340 Aristidem
773 3324 1310 3341 .............
1366 3285 1400 3336 78

458 3379 483 3432 3.
521 3379 563 3452 De
589 3376 698 3428 ratione
723 3393 795 3442 quae
820 3377 976 3428 intercedat
998 3376 1071 3428 inter
1089 3376 1264 3427 Hadrianum
1283 3379 1311 3426 ct

584 3466 733 3517 Ohrestum
770 3502 1309 3530 .............
1368 3465 1401 3512 81

458 3557 483 3608 4.
520 3557 562 3606 De
575 3553 835 3607 PolluccHadriani
848 3553 995 3619 discipulo,
1011 3553 1172 3617 Phrynicho
1179 3552 1312 3605 Aristidis

584 3645 694 3696 aemulo
728 3679 1310 3696 ..............
1366 3642 1401 3692 83

459 3735 483 3783 5.
522 3733 563 3782 De
581 3732 734 3784 Alexandri
748 3731 930 3797 Ootyaeensis
945 3731 1004 3782 sive
1025 3732 1058 3783 ds
1072 3730 1221 3782 Aristoclis
1236 3735 1313 3780 secta

585 3820 758 3886 Pergamena
772 3855 1311 3875 .............
1366 3818 1400 3868 85
