3402 5066
722 408 947 470 ..29-.

241 584 384 650 deudum
408 584 505 653 uobis
530 589 581 648 cst
603 583 825 666 Phrynichum
850 585 950 651 libros
977 585 1053 666 περὶ
1077 581 1231 649 Ἀττικῶν
1255 585 1432 666 ὀνομάτων·

243 689 415 772 scripsisse
446 696 616 772 postquam
654 690 772 756 Pollux
804 691 977 773 septimum
1015 692 1132 758 librum
1173 694 1290 775 emisit,
1330 695 1430 760 cuins
1533 743 1535 746 -

243 798 361 863 aemuli
377 797 563 878 auctoritas,
588 796 792 862 atticissuudi
806 799 892 862 ratio
915 804 950 864 et
964 817 1053 880 usus,
1077 799 1258 866 liberalitas
1276 819 1420 866 summac

242 899 385 966 invidiae
413 907 486 966 erat
513 898 697 980 Phrynicho
732 899 898 966 atticistae
929 901 1024 966 huius
1054 903 1173 968 aetatis
1204 905 1419 972 severissimo.

243 1006 333 1088 Quae
359 1006 549 1071 inimicitiae
576 1024 614 1072 eo
636 1006 841 1072 iucundiores
870 1012 947 1072 sunt
970 1008 1111 1090 cognitu,
1142 1009 1363 1094 quod-Pollux
1386 1015 1425 1079 in

242 1112 366 1177 docimo
393 1113 476 1178 libro
505 1130 568 1178 uon
592 1112 693 1178 solum
726 1133 745 1177 a
768 1112 1061 1193 vituperationibus
1091 1114 1272 1182 adversarii
1300 1136 1336 1186 se
1364 1120 1417 1186 de·

242 1219 356 1293 tendit,
381 1219 440 1285 scd
463 1219 561 1285 etiam
584 1219 656 1299 ipse
680 1237 752 1284 oum
776 1219 977 1301 aggreditur.

331 1328 439 1406 Atque
468 1345 539 1391 cum
564 1325 769 1408 Phrynichus
798 1333 925 1392 sextum
954 1332 988 1392 et
1016 1328 1188 1408 septimum
1220 1329 1331 1412 libros,
1364 1333 1423 1412 qu'r

241 1433 282 1498 de
306 1433 532 1498 instrumentis
554 1438 668 1515 agunt,
692 1432 980 1499 vehementissime
1004 1435 1244 1517 castigavisset,
1269 1437 1417 1504 ultimum

240 1540 357 1605 librum
385 1541 502 1605 Pollux
529 1540 646 1604 iterum
673 1539 714 1605 de
745 1539 971 1605 instrumentis
1002 1541 1192 1622 composuit,
1220 1543 1419 1609 testimoniis

240 1647 344 1711 auctis
364 1645 561 1712 (intensionis
579 1663 677 1711 causa
693 1645 886 1726 copiosoque
902 1645 1057 1726 subsidio,
1076 1645 1305 1714 Eratosthenis
1327 1652 1422 1716 volur

240 1754 336 1835 ruine,
362 1753 445 1832 quod
466 1755 725 1834 Σκεοογραφιιιόν
747 1752 818 1818 sive
834 1746 1110 1834 Ἀρχιτεκτονικόν
1125 1753 1316 1834 inscriptum
1337 1765 1423 1831 erat,

240 1860 378 1940 primum
393 1859 547 1926 adhibito.
577 1858 667 1941 Quod
686 1859 835 1924 volumen
854 1859 895 1924 ad
911 1877 1003 1923 suum
1019 1877 1113 1924 usum
1127 1865 1258 1926 vertere
1273 1861 1417 1930 Pollucis

240 1967 412 2046 plurimum
427 1966 596 2048 intererat,
614 1966 808 2046 praesertim
826 1983 898 2030 cum
913 1964 1152 2032 Eratosthenes
1168 1967 1413 2048 inscriptionum

239 2073 421 2138 Atticarum
453 2072 648 2138 testimoniis
671 2073 762 2136 uisus
787 2076 883 2137 esset.
931 2072 1001 2154 Quo
1028 2072 1075 2153 fit,
1107 2077 1143 2136 ut
1166 2073 1282 2138 Pollux
1304 2075 1336 2138 in
1362 2076 1422 2142 de‹

238 2179 320 2244 cimo
339 2180 406 2244 solo
430 2179 512 2244 libro
528 2179 758 2260 inscriptiones
775 2178 902 2243 Atticas
918 2178 1041 2260 laudet,
1066 2198 1145 2258 quas
1162 2186 1287 2245 tautum
1310 2182 1414 2265 abest,

238 2293 274 2350 nt
296 2287 373 2367 ipso
384 2269 564 2367 collegerit,
588 2289 624 2350 ut
647 2291 759 2351 contra
781 2286 815 2349 iu
839 2285 1052 2350 ceteris'eius
1076 2284 1168 2350 libris
1193 2285 1349 2366 nusquam
1366 2289 1414 2352 in-

238 2393 414 2458 veniamus.
461 2391 532 2474 Qua
556 2409 597 2456 ex
619 2409 656 2457 re
679 2391 772 2457 uobis
797 2390 1052 2456 concludendum
1075 2397 1135 2473 est,
1160 2391 1324 2458 Pollucem
1348 2412 1419 2458 nou·

236 2501 343 2579 ipsum
377 2518 432 2564 aas
460 2499 652 2580 inspexisse,
685 2497 743 2563 sed
772 2497 988 2578 exscripsisse
1016 2516 1057 2563 ex
1087 2497 1314 2564 Eratosthenis
1343 2501 1421 2566 thor

237 2606 494 2686 sauris..quibus
519 2625 581 2685 qua
603 2605 731 2671 ratione
754 2603 794 2673 ad
819 2604 937 2668 librum
957 2605 989 2668 X
1005 2605 1260 2685 componendum
1276 2607 1319 2670 sit
1334 2625 1419 2672 usus-¹

236 2731 337 2792 supra
360 2713 574 2794 exposuimus.
615 2711 732 2776 Pollux
755 2717 863 2776 antem
878 2711 1123 2790 inscriptionum
1146 2712 1334 2778 testimonia
1350 2733 1419 2793 quo·

237 2819 361 2885 doctior
384 2836 457 2884 esso
481 2819 630 2883 videatur
652 2817 789 2898 largitor·
812 2817 847 2882 iu
870 2817 988 2883 librum
1012 2835 1105 2881 suum
1129 2819 1306 2898 transtulit,
1331 2838 1411 2899 quas

143 2999 149 3010 ι
237 2925 350 3006 quanti
381 2925 605 2991 aestimaverit
627 2942 710 2988 unus
733 2925 822 2989 locus
847 2922 977 2988 doceat:
1007 2923 1040 2987 X
1064 2922 1106 2987 39
1131 2921 1170 2984 τὰ
1193 2921 1255 3001 μὲν
1279 2917 1337 2986 οὖν
1360 2946 1411 2986 το·

125 3035 130 3046 '
234 3031 308 3094 λεῖα
331 3032 387 3094 καὶ
410 3029 450 3093 τὰ
465 3029 627 3113 κνεὶμαλλα
650 3031 686 3092 ού
702 3034 804 3110 μόνον
821 3027 912 3112 παρὰ
935 3035 1003 3100 τοῖς
1026 3028 1190 3112 κωμῳδοῖς
1206 3025 1303 3106 ἐστιν,
1329 3029 1418 3093 ἀλλάτ-

234 3138 290 3200 καὶ
314 3131 349 3220 ἒν
372 3145 440 3209 τοῖς
463 3140 710 3224 Δημιοπράτοις
733 3140 905 3219 πέπραται
928 3133 1110 3217 κνέφαλλον
1125 3137 1238 3198 καινὸν
1262 3137 1316 3220 καὶ
1339 3141 1412 3199 κνέ-

233 3243 358 3327 φαλλον
382 3244 525 3307 παλαιόν
538 3241 568 3328 ¹).
1316 3229 1319 3234 ¹

326 3369 515 3436 Glossarum
531 3389 551 3434 a
566 3368 752 3450 Phrynicho
767 3368 1038 3449 reprehensarum
1054 3367 1172 3432 Pollux
1187 3367 1334 3432 defendit
1348 3369 1414 3433 has

324 3476 356 3558 1)
380 3475 396 3540 l
421 3475 463 3540 79
496 3476 552 3541 cir.
575 3475 696 3557 Phryu.
725 3494 756 3539 u.
781 3474 845 3537 227
869 3493 899 3555 p.
924 3471 986 3537 321
1012 3473 1041 3538 R
1068 3471 1134 3536 *252
1159 3474 1198 3549 L,
1223 3475 1255 3538 X
1278 3474 1321 3538 43
1353 3475 1410 3536 καὶ

322 3707 342 3772 ²)
361 3707 461 3772 Itaque
482 3706 598 3757 dubium
617 3721 678 3756 esee
697 3720 754 3755 non
773 3708 875 3770 potest,
895 3702 964 3768 quin
982 3703 1010 3753 X
1029 3702 1063 3752 35
1082 3707 1148 3768 post
1167 3708 1220 3755 τῶν
1239 3700 1415 3786 phocaea
1509 3733 1518 3741 -

233 3797 319 3868 τύρων
337 3798 385 3862 (so.
407 3795 485 3862 εἰσίν)
504 3794 760 3862 interpungendum
780 3792 826 3846 eit.
857 3791 955 3858 Neque
975 3790 1048 3843 enim
1063 3787 1192 3863 χαμεύνῃ
1211 3797 1240 3842 et
1250 3789 1415 3864 χαμεύνιον·

232 3900 316 3936 voces
339 3885 444 3937 Pollux
471 3883 609 3950 repudiat,
634 3899 705 3949 quae
731 3881 806 3948 apud
829 3877 951 3947 optimos
976 3885 1073 3945 testes,
1098 3878 1272 3946 demiopruta
1297 3880 1359 3931 dieo
1378 3888 1415 3932 etr

230 3973 392 4041 Euripidem
405 3975 498 4037 auum,
516 3971 664 4037 invenerit,
682 3970 734 4022 aed
746 3984 880 4022 excusare
900 3984 930 4021 ee
950 3968 1054 4034 studet,
1074 3969 1149 4035 quod
1163 3967 1286 4020 Critonis
1299 3968 1405 4021 Messe·

230 4063 306 4115 uiam
329 4069 358 4115 et
375 4061 529 4114 Rhintonis
548 4061 702 4127 Telephum
725 4075 781 4110 non
805 4057 913 4116 legerit.
952 4063 1005 4110 τῶν
1024 4055 1078 4130 γὰρ
1102 4055 1269 4128 ἀδοξοτέρων
1287 4071 1344 4110 non
1370 4058 1404 4108 ed

226 4149 356 4224 χαμεύνῃ
373 4157 404 4202 at
418 4147 575 4224 χαμεύνιον
594 4155 731 4217 spectant,
751 4147 801 4199 sed
818 4146 982 4198 referuntur
994 4146 1030 4197 ad
1048 4162 1121 4212 quae
1136 4145 1305 4197 antecedunt
1318 4147 1407 4197 verba

231 4238 279 4312 ἑγύ
303 4239 387 4294 ύόύκ
408 4236 574 4311 ἐντετύχηκα
600 4245 656 4298 τοῖς
675 4234 818 4310 ύρύμασιν.
844 4263 877 4274 -
902 4234 930 4286 Χ
948 4235 982 4286 97
1001 4231 1136 4308 μολύβδου
1156 4236 1304 4306 repausaret
1322 4234 1413 4286 resti*

230 4331 366 4381 tuendum
386 4335 430 4382 est
447 4345 499 4396 pro
518 4329 786 4400 αολοβδοκριιτεοοαί
804 4341 838 4376 cx
858 4325 887 4378 Ο.
906 4325 933 4377 J.
952 4324 986 4375 A.
1005 4325 1100 4375 1319.
