3402 5066
774 489 996 556 ..82-

300 672 370 739 dico
402 670 453 754 (V.
486 670 517 737 S.
540 672 575 737 ΙΙ
599 672 650 754 11,
686 667 728 755 1),
757 688 850 750 quern
874 671 1091 737 Philostratus
1121 671 1240 737 eximia
1262 670 1357 738 laude
1380 681 1477 740 ornat

298 777 350 864 (V.
383 777 414 845 S.
445 778 479 844 H
508 776 575 860 27),
610 787 740 844 veteres
775 779 951 859 scriptores
978 777 1105 844 Atticos
1132 777 1283 844 licentius
1313 779 1474 849 imitatum

299 904 373 954 esse
384 891 512 952 constat
523 904 595 951 cunr
607 885 781 951 Polemone
793 892 1011 965 comparatum
1019 883 1070 968 (V.
1081 883 1111 950 S.
1120 884 1155 950 ΙΙ
1167 883 1221 968 27,
1231 883 1274 969 3).
1290 885 1388 953 Cuius
1401 905 1474 952 cum

299 993 456 1074 discipulo
476 993 675 1058 Philostrato
692 991 829 1058 Lemnio
848 991 1065 1058 Philostratus
1088 992 1229 1058 vitarum
1254 992 1473 1072 sophistarum

299 1108 411 1166 auctor
433 1099 595 1166 artissimo
619 1098 781 1165 amicitiae
805 1096 857 1180 (V.
873 1096 904 1163 S.
919 1098 954 1163 ll
978 1095 1031 1180 33,
1054 1096 1090 1183 4)
1114 1105 1147 1166 et
1170 1098 1349 1166 adfinitatis
1357 1097 1380 1184 ¹)
1400 1100 1473 1168 vin·

299 1208 370 1273 culo
393 1207 584 1273 coniunctus
607 1212 688 1287 erat,
712 1212 749 1270 ut
770 1206 857 1271 hunc
872 1205 978 1285 ipsum
994 1223 1119 1286 quoque
1143 1205 1325 1286 apartibus
1342 1207 1473 1274 Chresti

299 1323 332 1381 et
355 1314 569 1396 Hippodromi
596 1312 699 1379 tuisse
726 1312 905 1380 verisimile
932 1312 985 1378 sit
1031 1313 1104 1378 Huc
1134 1312 1270 1395 accedit,
1300 1315 1388 1393 quod.
1416 1333 1474 1382 eos

297 1421 482 1502 magistros,
515 1419 569 1499 qui
597 1439 638 1486 eu
670 1419 842 1501 disciplina
872 1418 1032 1484 Hadriani
1065 1425 1169 1501 erant,
1200 1419 1350 1503 castigat,
1380 1422 1472 1489 velut

297 1528 506 1609 Antipatrum
529 1527 581 1593 his
603 1526 714 1593 verbis
730 1526 780 1604 (V.
803 1524 834 1591 S.
857 1525 892 1591 ΙΙ
915 1525 1032 1610 24,1):
1056 1522 1212 1611 Ἀδριανῷ
1234 1546 1270 1588 τε
1293 1527 1348 1589 καὶ
1367 1526 1472 1590 Πολο-

298 1635 404 1698 δειίκει
437 1635 590 1720 φοιτήσας
623 1630 692 1694 ἀπὸ
724 1641 781 1694 τοῦ
819 1631 1042 1704 Πολυδεύκους
1072 1631 1194 1713 μᾶλλον
1225 1629 1383 1719 ἥρμοσται
1415 1628 1473 1706 τοὶς

298 1735 399 1821 ὁρμὰς
422 1742 486 1802 τῶν
509 1737 680 1825 νοημάτων
704 1734 825 1801 ἐκλύων
853 1747 920 1810 τοῖς
942 1744 998 1825 τῆς
1030 1737 1201 1823 ἑρμηνείας
1228 1742 1374 1826 ῥυθμοῖς.
1420 1741 1470 1808 Ob

296 1848 329 1914 id
353 1849 461 1931 ipsum
483 1848 517 1913 in
542 1848 706 1915 Pollucem
730 1848 942 1914 vehementer
963 1847 1136 1913 invehitur.
1167 1847 1296 1915 Deinde
1312 1848 1471 1915 adversus

296 1956 468 2022 Proculum
496 1973 621 2037 qnoque
644 1954 876 2037 Naucratitam,
905 1955 996 2020 ouius
1024 1954 1285 2035 indisciplinam
1312 1974 1348 2022 se
1370 1955 1470 2022 tradi·

296 2062 390 2129 derat
412 2062 460 2142 (V.
484 2061 514 2127 S.
537 2061 573 2126 Π
596 2061 649 2143 21,
675 2057 717 2145 1),
746 2080 818 2127 cum
841 2061 870 2126 is
893 2061 1147 2142 Hippodromum
1169 2061 1346 2128 insectatus
1370 2070 1471 2146 esset,

296 2171 336 2234 ab
360 2169 580 2251 Hippodromo
603 2168 696 2234 stetit
719 2166 769 2251 (V.
793 2167 824 2233 S.
847 2168 882 2233 Π
904 2166 958 2256 27,
982 2165 1023 2245 3).
1066 2166 1150 2249 Quin
1174 2169 1273 2234 etiam
1296 2187 1368 2235 cum
1391 2169 1471 2234 dicit

299 2275 412 2365 ,ἡμεῖς
437 2272 500 2355 μὲν
524 2269 692 2358 ᾠόμεθα,
715 2275 894 2343 verisimile
910 2281 971 2354 est,
995 2275 1228 2340 Philostratum
1247 2276 1333 2342 iuter
1348 2276 1469 2357 Hippo·

297 2384 399 2448 dromi
423 2401 548 2464 quoqne
572 2382 746 2463 discipulos
769 2382 915 2469 luisset),
939 2383 1132 2463 praesertim
1154 2401 1228 2448 oum
1250 2383 1467 2449 Philostratus

296 2508 420 2570 quoqne
448 2490 603 2556 Lemnius
631 2508 673 2556 ex
694 2476 907 2574 Hippodromi
935 2496 1024 2556 secta
1052 2498 1140 2556 esset
1162 2486 1212 2572 (V.
1236 2488 1267 2554 S.
1290 2489 1325 2554 Π
1348 2489 1400 2572 27,
1424 2488 1467 2573 5),

293 2596 510 2663 Philostratus
525 2605 637 2663 noster
652 2585 837 2678 complure,
845 2597 1023 2689 magistros
1042 2596 1179 2663 haberet
1191 2596 1240 2676 (V.
1257 2597 1288 2664 S.
1303 2596 1340 2661 II
1356 2595 1408 2680 21,
1425 2599 1469 2680 1),

294 2703 550 2784 Hippodromum
573 2703 707 2773 summis
729 2703 879 2780 laudibus
902 2701 1027 2769 efferat.
1072 2703 1159 2769 Usus
1183 2711 1235 2770 est
1249 2704 1468 2770 Philostratus

294 2810 421 2877 ratione
443 2810 647 2876 atticissandi
661 2829 768 2891 neque
783 2795 939 2876 Aristidis
955 2811 1174 2894 severissima,
1190 2828 1296 2891 neque
1308 2811 1467 2877 Hadriani

286 2922 330 3000 et
345 2917 486 2983 Pollucis
502 2917 664 2999 liberiore,
689 2916 747 2984 sed
763 2895 894 2987 condire
908 2923 1035 2983 tantum
1050 2917 1122 2984 vult
1137 2935 1318 2985 sermonem
1332 2919 1467 2984 vocibus
1599 2907 1603 2914 ’

294 3022 455 3108 Atticisl).
502 3023 594 3107 Quod
609 3024 680 3104 ipse
703 3023 796 3090 uobis
813 3024 962 3104 exposuit
976 3024 1010 3089 in
1025 3025 1095 3092 vita
1107 3023 1227 3092 Critiae
1242 3023 1280 3090 V.
1297 3023 1329 3090 S.
1344 3023 1363 3088 I
1379 3024 1432 3106 16,
1446 3025 1468 3089 5

298 3125 500 3218 ἀττικίζοντοί
522 3124 611 3192 τὀίκ
636 3127 788 3215 ἀκρατῶς,
818 3124 890 3193 oba'
913 3125 1056 3214 ἐκφύλως
1083 3129 1134 3213 (τὸ
1161 3125 1220 3215 γὰρ
1248 3128 1467 3215 ἀπειρόκαλον

294 3230 336 3306 -ἐν
354 3239 399 3322 τῷ
423 3233 595 3310 ἀττικίζειν
611 3233 787 3321 βάρβαρον)
800 3231 873 3304 ,ἀλλ’
889 3229 999 3321 ὥσπερ
1015 3234 1155 3299 ἀκτίνων
1171 3237 1266 3316 αὐγαὶ
1279 3231 1319 3299 τὰ
1336 3230 1465 3300 Ἀττικοὶ

273 3389 275 3400 .
296 3341 441 3422 ὀνόματα
456 3343 663 3426 διαφαίνεται
674 3354 730 3407 τοῦ
742 3342 846 3423 λόγον.
874 3343 991 3425 Itaque
1003 3344 1223 3412 Philostratus
1238 3345 1465 3427 Scopeiianum

293 3468 419 3531 quoque
438 3451 525 3517 inter
540 3451 710 3532 sophistas
719 3457 880 3533 numerat,
899 3470 993 3531 quem
1010 3452 1191 3519 severiores
1210 3470 1228 3518 e
1247 3453 1466 3534 sophistarum

292 3543 448 3624 societate
479 3559 708 3642 segregabant,
737 3556 788 3643 (V.
812 3556 843 3623 S.
865 3558 882 3622 l
907 3557 959 3640 21,
983 3555 1016 3643 1)
1045 3565 1078 3626 et
1106 3559 1333 3626 celeberrimos
1354 3559 1467 3624 laudat

294 3663 465 3730 Chrestnm
481 3669 516 3730 et
531 3664 796 3748 hippodromum,
806 3684 939 3745 quornm
949 3683 990 3732 ex
1002 3671 1092 3732 secta
1099 3667 1170 3747 ipse
1180 3673 1259 3732 erat
1274 3666 1465 3748 Philostrati

291 3770 392 3850 igitur
421 3770 505 3836 ratio
537 3777 570 3837 et
599 3790 675 3838 nsus
699 3771 906 3838 consentiunt
933 3790 1005 3838 oum
1028 3772 1242 3853 Hippodromi
1269 3779 1304 3838 et
1326 3772 1464 3838 Chresti.

292 3876 444 3943 Doluisse
460 3895 543 3959 eum,
568 3879 652 3956 quod
668 3878 824 3945 Chrestus
847 3878 1023 3946 cathedrae
1042 3879 1238 3960 sophisticae
1262 3879 1465 3961 praepositus

382 4069 405 4138 1)
424 4070 546 4137 Schmid,
564 4072 623 4124 Dor
640 4071 808 4124 Atticiamus
826 4072 867 4125 IV
885 4089 912 4138 p.
932 4074 1013 4138 lsqq.

381 4158 404 4220 Ω)
425 4159 546 4224 Schmid,
570 4161 628 4212 Der
646 4159 813 4213 Atticismus
839 4162 854 4211 1
872 4177 901 4229 p.
920 4162 981 4228 201,
1007 4162 1055 4213 cir.
1075 4161 1197 4213 Gellium
1216 4162 1250 4213 de
1268 4162 1389 4214 Herodis
1409 4163 1463 4214 dis-

291 4247 391 4314 cipulis
410 4249 444 4301 N.
463 4250 497 4302 A.
515 4250 558 4300 IX
576 4251 601 4301 2.

381 4339 401 4406 8)
421 4337 535 4390 Schmid
548 4340 566 4390 l.
580 4340 598 4390 l.
611 4339 653 4394 IV
665 4356 692 4406 p.
707 4337 749 4403 10,
767 4339 882 4392 Norden
896 4341 915 4394 l.
927 4340 946 4392 1.
960 4339 1015 4409 lp.
1029 4341 1090 4407 aba,
1105 4341 1166 4406 968,
1178 4341 1240 4394 390.
1265 4340 1463 4405 Wilamowitn,

290 4426 343 4478 Die
362 4426 467 4493 griech.
485 4426 629 4479 Literatnr
645 4444 673 4496 p.
694 4429 754 4482 rto.
