3402 5066
755 404 975 468 ..30-

270 577 344 667 ,μήν
367 587 434 652 τοῖς
449 579 511 661 μὲν
534 578 675 652 οἰκέταις
699 577 735 642 ἐν
759 589 887 642 κοιιῶνι
912 577 930 666 ii
954 589 1150 660 πρακοιιῶνι
1174 578 1189 667 ἐ,
1217 582 1281 663 πρδ
1304 554 1456 652 κοιτῶνος

273 685 439 766 ἀναγκαῖα
462 690 560 771 οκεύή
584 737 591 753 .
616 735 623 751 .
648 739 654 752 ,
677 684 747 764 (cir.
771 687 804 752 X
827 684 880 768 5²2,
905 687 937 751 X
961 688 1027 769 47).

369 792 404 870 2)
428 795 506 861 νίδυ
525 813 555 859 n.
579 796 621 860 16
646 791 755 873 pul:
807 797 809 800 ’

372 902 405 966 Χ
440 898 482 962 62
513 895 588 962 Ἐπὶ
617 897 657 962 Ιδέ
694 903 871 979 γυμνάσιον
903 893 1060 962 ἐντεῦθεν
1095 904 1291 984 τραπομένῳ
1315 899 1455 987 λήκυθος

274 1000 415 1090 ἐλαιηρά
446 1028 494 1078 τις
524 1001 603 1069 ἐστο
632 1003 730 1093 ήκαί
753 1005 920 1090 ληκύθιον,
945 1006 998 1068 καί
1023 993 1205 1085 στλεχχίδες.
1233 1006 1288 1068 καὶ
1311 1006 1456 1079 ’ξυστίδας

274 1107 423 1184 ,δἀὐτὰς
446 1103 487 1176 ἄν
511 1134 558 1184 τις
582 1111 687 1175 εἴποι·
709 1108 747 1174 ἐν
771 1133 806 1174 τε
829 1125 890 1195 γαρ
912 1120 983 1183 ταῖς
1000 1107 1205 1196 Ἐπιχάρμου
1222 1115 1342 1198 Νήσαις
1365 1112 1455 1194 slipp-

277 1239 336 1281 ται
358 1223 501 1298 τοῦνομα
525 1219 580 1282 καὶ
597 1219 738 1302 Λίῳιλύς
765 1241 832 1282 που
857 1213 893 1281 ἐν
916 1199 1097 1304 Κιθαρῳδῷ
1122 1217 1213 1301 ἀνδρὶ
1241 1217 1455 1305 εἴρηκενχλή·

273 1328 387 1388 κυθον
410 1328 521 1398 ξύστιν
544 1321 682 1408 τ’ἐχεις,
706 1321 764 1404 ἐγὼ
787 1325 822 1388 δὲ
847 1325 902 1387 καὶ
925 1328 1061 1408 ξύσιραν
1074 1326 1105 1402 1).

371 1431 404 1514 3)
426 1433 502 1498 vide
525 1453 556 1498 n.
580 1431 622 1496 23
646 1452 675 1514 p.
700 1431 757 1497 24:

374 1539 407 1604 Χ
430 1539 473 1603 34
493 1543 579 1623 ,μέρη
597 1537 636 1600 δὲ
665 1537 773 1623 κλίνης
797 1532 936 1626 ἐνήλατα
960 1538 1013 1600 καὶ
1038 1533 1253 1620 ἐπίκλιντρον,
1277 1539 1314 1599 τὸ
1336 1542 1398 1624 μέν
1421 1558 1454 1616 χε

273 1639 488 1724 ἐπίκλιντρον
514 1647 580 1708 ὑπὸ
594 1643 846 1728 Ἀριστοφάνους
859 1642 1056 1728 εἰρημένον·
1071 1643 1236 1731 Σοφοκλῆς
1250 1644 1270 1706 δ
1275 1639 1283 1661 '
1292 1640 1327 1706 ἐν
1344 1643 1454 1722 Ἰχνευ-

282 1758 352 1822 ταῖς
374 1754 520 1834 σατύροις
537 1747 611 1836 ἐῳή·
629 1746 766 1838 ἐνήλατα
788 1750 864 1824 ξύλα
886 1753 1269 1834 τρίχομῳαδιαιορεῦσαί
1289 1768 1324 1814 σε
1342 1750 1454 1814 δεῖται.

372 1856 405 1940 4)
428 1858 502 1923 vide
525 1878 556 1928 11.
580 1857 622 1921 ull
646 1877 675 1938 p.
701 1857 755 1922 26:

372 1965 403 2028 X
427 1964 469 2028 89
493 1969 650 2050 χρηστέον
660 1963 700 2026 .δέ
724 1964 779 2026 καὶ
799 1964 971 2044 μνστίλαις
996 1961 1014 2050 i
1038 1963 1202 2045 μυστίλοις
1225 1961 1244 2051 ij
1268 1961 1453 2049 χλώιταιςή

273 2068 513 2153 ,μυστιλαρίοις-
527 2067 545 2155 ί)
569 2069 790 2154 κοχλιωρύχοις
815 2069 833 2156 ή
856 2069 1007 2153 λιοιρίοις
1031 2122 1037 2136 .
1063 2121 1068 2132 .
1094 2123 1100 2134 .

371 2175 403 2254 5)
428 2176 502 2242 villo
525 2197 555 2242 ll.
580 2177 623 2240 33
648 2197 677 2258 p.
703 2177 759 2242 26:
1397 2243 1401 2254 ,

372 2283 405 2348 Χ
429 2282 470 2345 29
495 2279 526 2345 εἰ
548 2283 581 2344 δὲ
607 2284 661 2346 καὶ
685 2289 808 2366 σαίρειν
828 2285 943 2371 φήσεις
959 2285 1015 2346 ιδν
1031 2290 1191 2368 θυρωρόν,
1216 2287 1250 2346 τί
1264 2283 1379 2346 κωλύει
1402 2281 1456 2344 κά-

278 2396 370 2452 κεῖνο
397 2387 508 2451 καλεῖν
536 2392 646 2476 σάρονχ
679 2390 696 2479 ή
728 2396 834 2476 χρήοις
864 2390 923 2474 γὰρ
952 2389 1019 2453 ἀπὸ
1050 2395 1105 2476 τής
1133 2390 1198 2453 ἅλω
1227 2391 1281 2453 καὶ
1309 2386 1367 2453 ἐπὶ
1396 2389 1453 2460 τὰς

283 2493 384 2567 οἰκίας
415 2497 483 2575 ἄχει
516 2501 667 2579 τοῦνομα,
697 2491 803 2580 ὥςπερ
827 2499 882 2560 καὶ
909 2497 1092 2584 μυλήκορον
1116 2499 1157 2560 ἄν
1185 2520 1233 2570 τις
1257 2499 1336 2561 αὐτὸ
1360 2496 1452 2559 καλέ-

275 2622 381 2667 -σει-εν
415 2608 532 2666 ναέταν
552 2603 660 2685 σαῳτῗς
679 2603 732 2666 δἐι
760 2612 857 2667 τοῦτο
890 2607 934 2690 τῷ
958 2605 1046 2689 μύλῳ
1077 2607 1248 2692 προσήκει·
1277 2601 1348 2666 ἀλλ’
1370 2603 1454 2673 δμοις

271 2705 465 2792 ’Ἄρχιππος
489 2707 616 2793 εἴρηκεν
640 2706 675 2773 ἐν
697 2707 832 2789 Ἰχθύσι·
857 2709 915 2798 τήν
939 2709 1058 2794 ἀγορὰν
1081 2711 1260 2796 μυλήκόρῳ.

373 2815 407 2896 6)
432 2817 558 2882 viden.
584 2816 626 2879 34
650 2836 679 2898 p.
704 2817 759 2883 26:

371 2923 404 2986 X
429 2923 492 2986 115
515 2923 715 3001 καὶλύχυιον
730 2923 792 3002 μὲν
809 2915 855 3006 ἐφ’
877 2914 915 2986 οὗ
939 2921 1069 2988 ἐυιίδει
1084 2949 1105 2987 ·ι
1126 2927 1142 2986 ὁ
1165 2923 1287 3007 λύχνος,
1305 2921 1324 3010 ἡ
1341 2922 1453 2985 καλου-

271 3032 364 3110 μένη
388 3027 507 3106 λυχνία.

373 3135 403 3210 7)
429 3137 555 3202 viden.
579 3137 620 3199 41
646 3156 676 3217 μ.
701 3136 755 3201 2λε

371 3237 404 3306 Χ
435 3240 499 3305 136
526 3242 668 3326 ,προςδεῖ
695 3245 754 3305 καὶ
786 3243 931 3328 ῥαφίδος,
971 3244 1011 3330 ήν
1039 3242 1221 3327 Ἄρχιππος
1253 3240 1288 3305 ἐν
1321 3241 1455 3326 Πλούτῳ

273 3351 463 3428 ,ὠνόμασαν
494 3348 614 3434 ῥαφίδα
646 3350 701 3413 καὶ
730 3349 820 3412 λίνον
850 3350 956 3432 λαβὼν
988 3354 1023 3413 τὸ
1050 3355 1151 3438 ῥήχμα
1181 3359 1352 3436 σύρραψον
1375 3349 1455 3412 τόδε.

372 3524 392 3593 ¹)
413 3521 467 3590 ἐγὼ
486 3523 515 3578 δὲ
535 3527 581 3579 καί
594 3523 719 3598 -ξύστραν
732 3527 858 3578 Pollucis
878 3534 952 3592 sunt,
972 3544 1029 3578 non
1049 3528 1163 3595 Diphili.
1197 3528 1241 3578 An
1260 3534 1344 3592 putas
1359 3524 1457 3591 Diphi-

274 3627 341 3674 ,1um
369 3617 468 3666 contra
495 3629 606 3666 sensum
636 3629 772 3682 pugnare,
801 3623 865 3668 cum
895 3616 921 3667 ei
948 3616 1097 3672 dicendum
1121 3624 1195 3668 esset
1218 3617 1264 3668 καί
1289 3612 1405 3688 ξίστραν
1424 3633 1458 3684 γε

282 3695 324 3761 (0.
338 3704 372 3757 A.
385 3703 415 3754 F.
428 3703 460 3754 11
478 3703 531 3754 558
543 3702 654 3772 Kockli
674 3704 767 3766 Quid?
782 3706 926 3771 -quomodo
945 3705 1080 3757 dramatis
1099 3721 1220 3772 persona
1233 3705 1256 3756 Β
1274 3703 1458 3768 interrogata,

275 3808 350 3843 mum
369 3787 462 3849 ξίστιν
479 3792 605 3857 haberet,
634 3793 803 3860 respondere
818 3793 936 3845 omnino
955 3801 1050 3862 potest
1070 3789 1123 3865 ἐγώ
1138 3793 1166 3848 δέ
1186 3795 1232 3847 καὶ
1251 3789 1376 3866 ξύστραν,
1396 3807 1459 3844 cum

272 3882 427 3952 ιστλεχγίς,
456 3877 563 3944 ξίστις,
593 3877 697 3954 ξύσιρα
731 3899 889 3948 synonyma
922 3883 997 3934 sint?
1045 3883 1172 3950 Denique
1200 3883 1304 3934 Pollux
1332 3880 1459 3938 ξιστίδας

282 3976 394 4021 tantum
408 3969 577 4022 testimoniis
595 3971 714 4036 probare
728 3971 825 4024 studet
843 3971 884 4037 (ἐν
897 3991 930 4026 τε
942 3967 997 4044 γὰρ
1012 4009 1102 4026 .....
1124 3968 1237 4044 εὕρηται
1258 3969 1379 4042 τοῦνομα
1399 4009 1405 4021 .
1421 4010 1426 4021 .
1441 3973 1460 4032 .)

273 4065 311 4110 σε
330 4064 526 4126 exspectamus
540 4074 604 4123 eum
617 4058 710 4125 ipsum
723 4056 841 4132 ξδστραυ
859 4060 1020 4113 additurum
1036 4077 1106 4127 esse,
1126 4077 1190 4112 cum
1203 4060 1288 4112 etiam
1306 4059 1335 4110 iu
1348 4057 1395 4110 ΠΙ
1410 4059 1460 4110 154

281 4147 354 4198 hunc
381 4163 478 4200 vocem
502 4147 662 4215 protulerit.
706 4149 796 4200 Immo
820 4147 876 4220 ,ἐγὼ
896 4148 930 4202 δέ
953 4151 1000 4202 καί
1024 4146 1142 4222 ξίστριιν
1161 4148 1286 4201 Pollucis
1312 4154 1386 4209 sunt,
1412 4146 1461 4214 qui

272 4235 358 4300 ·qu0d
373 4233 500 4296 ξυστίδας
515 4252 567 4303 pro
587 4239 725 4308 στλεγγίσι
739 4237 807 4304 poni
825 4238 918 4304 lioeat,
938 4238 1045 4305 Diphili
1064 4255 1176 4291 versum
1194 4235 1317 4309 λήκυθον
1331 4233 1422 4294 ξδστιν
1439 4234 1462 4287 τ’

273 4339 356 4393 ,ἔχεις
374 4324 479 4376 laudat.
518 4325 591 4376 'I'um
610 4325 665 4377 sibi
683 4323 806 4398 ξύστραν
826 4342 938 4394 quoque
957 4327 1067 4394 placere
1087 4327 1179 4380 adicit.
