3402 5066
782 434 977 498 -8..

292 634 370 686 σεοις
403 613 418 702 ἢ
453 615 508 677 καὶ
540 612 609 676 άπό
640 633 728 684 τινος
759 615 945 695 περιπάτου
978 605 1013 675 ἐν
1046 613 1124 693 στοᾷ
1153 607 1303 697 ἢδρόμῳ
1332 607 1351 695 ἢ
1380 609 1470 673 ἄλσει

291 728 465 802 γενόμενος
488 717 545 783 ἐπὶ
569 718 628 806 τὴν
652 719 734 802 πρὸς
751 717 791 781 τὰ
815 718 923 800 βιβλία
948 722 1119 780 συνουσίαν
1136 739 1183 788 τις
1206 720 1377 801 τράποιτο,
1401 711 1469 801 ὥρα

292 830 380 914 αὐτῷ
409 823 494 906 ἔχειν
517 826 623 909 βιβλία
649 879 655 891 ,
678 873 714 892 ..
743 826 781 892 F.
805 823 823 910 §
847 826 888 890 61
913 824 1064 897 Δικάζειν
1088 823 1150 904 μὲν
1179 816 1236 885 οὖν
1260 825 1363 886 ὁπότε
1391 823 1469 906 δέοι,

291 939 389 1017 σκεύη
413 928 454 996 ἄν
478 933 527 1018 εἴη
551 931 718 996 δικαστικὰ
742 985 748 997 .
771 985 776 998 .
799 983 805 999 .
829 931 869 998 G.
893 929 911 1016 ξ
935 931 977 994 62
1001 926 1082 994 Ἐπὶ
1105 929 1139 993 δὲ
1163 934 1340 1010 γυμνάσιον
1365 923 1469 992 ἐντευ-

267 1043 353 1103 ,θεν
377 1043 572 1124 τραπομένῳ
589 1038 730 1126 λήκυθος
753 1032 886 1122 έλαιηρά
909 1059 957 1108 τις
981 1032 1061 1100 ἔστω
1086 1087 1116 1102 ..
1137 1089 1144 1103 .
1168 1035 1186 1122 ξ
1211 1037 1253 1101 63
1278 1037 1332 1100 καὶ
1355 1041 1468 1116 μέντοι

289 1156 354 1210 τῶν
378 1142 414 1208 ἐν
430 1149 517 1232 αὐτῷ
540 1150 584 1232 τῳ
608 1144 768 1228 βαλανείῳ
792 1152 915 1207 σκευῶν
939 1125 1082 1223 ὀνόματα
1188 1145 1227 1210 Η.
1252 1142 1270 1229 ξ
1292 1143 1335 1208 65
1359 1141 1468 1207 Εἰσελ-

289 1258 386 1316 &dvm
416 1252 451 1314 δέ
481 1253 564 1331 μετὰ
596 1253 815 1333 γυμνάσιονῑ),
850 1247 881 1313 εἰ
910 1250 965 1312 καὶ
994 1251 1060 1334 πρὸ
1089 1259 1146 1312 τοῦ
1172 1258 1263 1314 πιεῖν
1286 1253 1409 1313 θυτέον
1432 1270 1468 1313 ιε

288 1359 342 1422 καὶ
361 1363 539 1440 σπεισιέον,
557 1359 775 1445 θυμιατήριον
793 1359 835 1420 ἄν
850 1360 898 1429 τίς
915 1374 965 1421 σοι
984 1357 1212 1440 προσκομίζοι.
1230 1409 1236 1423 .
1254 1410 1260 1422 .
1286 1356 1304 1442 ξ
1321 1357 1363 1424 66
1384 1363 1467 1440 Τρα-

289 1469 423 1548 πομένῳ
455 1462 489 1527 δ’
516 1460 572 1528 ἐπὶ
604 1466 641 1526 τὸ
671 1467 792 1547 πίνειν,
818 1511 823 1527 .
850 1517 856 1528 .
880 1516 887 1529 .
916 1465 941 1529 l.
964 1463 982 1549 ξ
1008 1464 1072 1528 123
1095 1465 1318 1552 Δειπνήσαντι
1347 1464 1383 1526 δὲ
1411 1464 1466 1526 καὶ

290 1573 371 1654 πρὸς
393 1576 505 1654 κοίτην
522 1575 719 1656 τραπομένῳ
735 1570 775 1634 τὰ
799 1570 861 1650 μὲν
885 1571 1056 1655 στρώματα
1080 1572 1134 1633 καὶ
1158 1567 1363 1657 ε’πιβλήματα
1387 1593 1466 1654 προ·

288 1681 413 1761 είρηιαι
443 1677 488 1763 (Χ
519 1677 561 1742 38
586 1677 668 1764 sqq),
702 1671 737 1739 ἐν
760 1680 860 1762 καιρῷ
884 1672 917 1739 δ’
942 1670 984 1739 ἂν
1008 1675 1057 1762 εἴη
1081 1677 1117 1738 τὰ
1142 1673 1222 1761 παρ’
1239 1671 1365 1764 Ὁμήρῳ
1390 1675 1464 1756 ἱμά-

285 1805 355 1846 τιον
379 1779 548 1848 ἐνεύναιον
572 1837 577 1849 ,
601 1837 636 1851 ,.
673 1782 691 1869 ξ
716 1783 781 1849 124
809 1781 927 1846 καὶτὰ
950 1783 1012 1863 μὲν
1036 1777 1095 1846 ἐπὶ
1124 1781 1278 1845 πλεῖστον
1302 1782 1462 1863 ἀναγκαῖα

286 1894 327 1976 τῇ
349 1886 428 1953 καθ’
445 1889 569 1978 ἡμέραν
592 1891 700 1978 χρήσει
724 1894 820 1975 σκεύη
844 1895 1050 1974 προείρηται·
1076 1893 1261 1953 συναπτέον
1284 1890 1319 1953 δὲ
1342 1887 1384 1953 δί’
1402 1890 1462 1953 ὀλί-

287 2017 349 2075 γων
373 1997 490 2059 καὶτὰ
514 1995 626 2078 λοιπά,
651 1986 720 2060 οἷον

375 2103 643 2184 Unumquamque
659 2105 855 2171 sementiam
871 2123 941 2171 cum
963 2122 1001 2170 ea
1018 2123 1099 2184 quae
1115 2105 1280 2170 antecedit
1297 2105 1460 2170 artissime

284 2229 441 2276 conexam
470 2229 544 2277 esse
573 2210 730 2293 videmus,
763 2215 799 2276 ut
828 2230 889 2291 quo
918 2211 1051 2277 consilio
1079 2212 1164 2277 hauc
1187 2221 1313 2291 purtem
1336 2230 1461 2292 compo·

285 2317 389 2383 suerit
420 2318 536 2382 Pollux
566 2317 775 2384 manifestum
806 2319 859 2384 sit.
904 2316 975 2400 Qua
1005 2337 1043 2383 ex
1074 2335 1109 2383 re
1137 2317 1234 2382 facile
1257 2319 1461 2398 cognoscitur

284 2424 441 2502 quomodo
453 2424 692 2506 Hermouymus
707 2424 886 2505 Spartanus
899 2430 936 2489 ut
952 2424 1127 2490 Cottidiuui
1138 2424 1286 2502 colloquii
1303 2424 1458 2504 libellum,

285 2531 339 2610 qui
374 2531 443 2610 ipse
469 2549 594 2610 quoque
625 2531 666 2597 ad
689 2550 817 2598 cursum
845 2530 910 2598 diei
933 2538 985 2598 est
1007 2533 1185 2597 instructus
1209 2531 1396 2611 eisdemque
1420 2531 1459 2597 de

283 2638 382 2702 rebus
406 2638 476 2720 agit
499 2655 598 2718 saepe
629 2637 753 2704 eisdem
775 2639 886 2706 verbis
915 2657 953 2704 ac
976 2639 1101 2713 Pollux,
1131 2637 1256 2703 Polluci
1279 2637 1460 2704 vindicaret

282 2750 459 2809 commotus
483 2745 538 2827 sit,
562 2744 651 2811 cuius
666 2745 792 2811 lexicon
814 2763 838 2810 s.
854 2745 917 2810 XV
941 2749 975 2811 et
989 2744 1080 2828 XVI,
1104 2743 1180 2824 quia
1202 2745 1392 2825 saepissime
1408 2747 1459 2810 est

285 2851 527 2934 transcriptum,
552 2851 638 2932 apud
660 2870 771 2919 omnes
796 2859 872 2934 puto
896 2857 1110 2933 pervagatum
1133 2849 1275 2934 fuisset.

284 3035 418 3092 quartum
438 3028 513 3078 lutus
532 3027 625 3095 ipsum
644 3044 756 3095 quoque
775 3035 862 3095 petet.
890 3027 985 3079 Huius
1004 3026 1120 3079 canistri
1139 3027 1258 3078 formum
1277 3027 1363 3077 habes
1383 3027 1457 3092 apud

281 3115 478 3166 Schreiberum
510 3115 563 3167 Die
595 3115 825 3168 hellenistischen
852 3115 1036 3168 Reliefbilder
1066 3117 1135 3167 1894
1162 3116 1220 3169 tcb.
1252 3116 1295 3180 69,
1324 3116 1366 3180 70,
1398 3116 1456 3178 101,

282 3203 453 3271 Campanam
476 3204 598 3256 Antiche
622 3205 712 3272 Opere
740 3205 769 3257 in
787 3205 913 3256 Plesticc
931 3205 961 3256 11
982 3207 1049 3256 1851
1068 3206 1126 3257 tub,
1145 3205 1189 3268 45,
1208 3205 1252 3271 46,
1271 3204 1456 3256 Reinuchium

280 3291 391 3343 Pierios
410 3294 527 3357 gravies
549 3295 616 3344 1895
634 3295 694 3350 tab.
713 3295 773 3358 112,
792 3295 835 3345 50.
855 3294 915 3360 197,
935 3294 969 3346 70
988 3300 1017 3346 et
1034 3293 1199 3361 Repettoire
1218 3293 1252 3344 de
1271 3295 1299 3344 lc
1318 3293 1453 3345 stetueire

281 3381 296 3430 I
317 3381 383 3431 1897
403 3382 461 3432 tcb.
481 3383 542 3447 217,
573 3382 771 3446 Grceveuium‚
794 3382 898 3434 Antike
923 3382 1131 3434 Schuitzoreien
1157 3398 1208 3434 aus
1228 3381 1374 3433 Elfenbein
1397 3383 1454 3433 und

280 3469 419 3520 Knochen
438 3472 453 3521 I
474 3472 542 3521 1903
561 3473 618 3523 tub.
634 3472 668 3522 78
687 3471 749 3539 (cir.
768 3487 795 3538 p.
817 3473 866 3524 127
886 3473 947 3540 sq).
986 3472 1041 3524 cfr.
1056 3472 1206 3534 Graecum,
1226 3471 1302 3522 Arch
1324 3471 1406 3522 chh.
1416 3471 1454 3522 v1

281 3559 349 3609 1891
368 3576 395 3626 p.
414 3559 457 3610 45.

371 3648 392 3716 ¹)
412 3649 513 3699 Pollux
531 3649 620 3714 igitur
638 3665 694 3700 non
714 3650 747 3700 de
760 3649 868 3701 balneis
883 3649 1006 3714 Graecis,
1026 3649 1075 3701 sed
1087 3649 1222 3700 Romanis
1241 3648 1313 3715 (sive
1326 3647 1453 3713 thermis)

279 3736 348 3801 agit,
377 3737 545 3802 quibuscum
574 3737 722 3803 gymnasie
746 3746 826 3790 erent
851 3739 1009 3790 coniuncte.
1055 3738 1229 3803 Merquerdt,
1260 3738 1318 3788 Dcs
1342 3737 1452 3788 Privat-

280 3827 361 3878 lebeu
387 3827 436 3877 der
460 3828 564 3878 Romer
589 3829 603 3878 I
630 3828 715 3879 18862
737 3844 764 3894 p.
784 3829 845 3881 275.
881 3829 979 3884 Durm.
998 3827 1050 3879 Die
1070 3828 1221 3878 Baukuust
1240 3827 1289 3878 der
1307 3826 1452 3880 Etrusker.

279 3915 312 3965 D.
333 3915 365 3967 B.
385 3916 410 3967 d.
430 3916 535 3967 Rdmer
554 3917 621 3968 1905
640 3934 666 3984 p.
687 3917 747 3970 700.

369 4005 389 4067 ⁹)
409 4005 463 4056 Sed
493 4005 614 4056 fortasse
643 4006 833 4070 Hermonymo
862 4006 979 4057 nimium
1008 4005 1151 4058 doctrinae
1179 4005 1340 4068 tribuimus,
1369 4021 1452 4072 quem

280 4093 460 4158 „illiteratum
489 4100 517 4146 ot
545 4093 722 4161 potissimum
746 4094 872 4146 Latine
902 4112 1023 4162 parum
1050 4097 1194 4147 doctum
1218 4094 1321 4146 fuisse“
1349 4095 1450 4145 Krum·

278 4184 390 4250 bucher,
419 4184 461 4235 De
487 4183 629 4235 codicibus
656 4183 759 4248 quibus
784 4185 1041 4250 Interpretamenta
1063 4183 1344 4236 Pseudodosithecnc
1369 4184 1451 4234 nobis

278 4272 383 4324 tradita
402 4279 468 4324 sunt
489 4273 556 4323 1882
575 4289 602 4338 p.
616 4274 651 4324 58
670 4273 746 4327 dicit.
784 4273 939 4324 Nemeum
959 4274 1047 4325 codex
1065 4273 1212 4325 Parisinus
1232 4274 1303 4324 9049
1323 4275 1358 4325 cb
1380 4274 1450 4324 Her-

278 4376 410 4425 monymo
439 4369 571 4413 exaratus
601 4361 688 4428 „nihil
712 4361 790 4412 aliud
814 4361 852 4413 sit
877 4379 961 4427 quam
985 4364 1304 4430 Interprotcmentorum
1331 4362 1449 4413 Mona-
