3402 5066
792 1080 837 1146 ΙΙ.

389 1241 447 1322 De
475 1240 702 1340 Phryniehi
730 1247 773 1322 et
802 1241 980 1322 Pollucis
1008 1241 1254 1342 disciplinis.

454 1402 476 1483 g
501 1401 530 1466 1.
561 1400 612 1467 lle
635 1399 814 1467 lladrianl
838 1400 1173 1470 declamationibus.

264 1544 292 1608 1.
323 1545 379 1610 De
403 1544 604 1625 excerptis
629 1543 855 1624 quibusdam
880 1544 1070 1611 Hadriani
1094 1553 1131 1612 et
1155 1547 1369 1615 lamblichi.

319 1686 476 1769 Quoniam
488 1692 608 1766 quanta
624 1685 844 1752 controversia
859 1687 1176 1770 interPhryniohum
1192 1696 1226 1755 et
1238 1690 1402 1756 Pollucem

227 1799 264 1861 et
296 1792 401 1874 quahs
432 1792 541 1872 luerit,
577 1792 807 1874 demonstravi,
842 1811 927 1859 nuno
957 1793 1175 1872 quaerendum
1210 1815 1284 1863 esse
1314 1803 1404 1878 puto,

229 1905 337 1966 utrum
364 1899 587 1982 lexicographi
615 1898 664 1964 illi
692 1905 826 1980 propter
854 1917 929 1966 suas
956 1901 1098 1982 ipsorum
1128 1902 1295 1983 opiniones
1317 1903 1405 1970 inter

226 2025 266 2073 se
289 2007 412 2073 alienas
435 2005 623 2072 Inimicitias
652 2007 867 2089 exercuerint,
898 2026 940 2072 an
962 2007 1105 2074 rationes
1136 2008 1340 2075 atticissandi
1363 2028 1404 2076 ex

226 2132 288 2178 sua
310 2118 447 2192 uterque
470 2112 642 2192 disciplina
665 2113 854 2194 susceperit.

318 2221 400 2286 Nam
423 2238 443 2286 e
465 2220 658 2286 Philostrati
674 2220 752 2286 vitis
776 2220 993 2300 sophistarum
1017 2221 1097 2287 satis
1120 2228 1267 2304 apparet,
1292 2224 1404 2302 quanti

230 2328 378 2408 magistri
408 2346 428 2392 a
460 2327 628 2407 discipulis
659 2327 729 2393 eius
763 2327 881 2392 aetatis
914 2327 1076 2393 aestimati
1111 2328 1184 2393 sint.
1237 2329 1402 2396 Pollucem

205 2439 210 2448 '
226 2434 401 2517 disciplina
415 2434 575 2500 HadrIani
591 2452 684 2500 usum
701 2452 775 2501 esse
790 2434 883 2500 nobis
899 2434 1002 2500 tradit
1020 2434 1238 2501 Philostratus
1255 2434 1306 2518 (V.
1322 2434 1353 2500 S.
1370 2436 1403 2501 ll

230 2541 287 2624 12,
323 2540 357 2624 2)
397 2559 501 2620 neque
543 2545 652 2608 umen
691 2541 911 2622 praeceptoris
945 2548 1002 2606 aut
1045 2541 1183 2608 virtutes
1230 2548 1285 2608 aut
1322 2543 1404 2610 vitia

226 2648 438 2728 adaequasse.
478 2646 543 2713 Sed
567 2653 603 2713 nt
626 2647 808 2714 accuratius
830 2648 1068 2731 intellegamus,
1093 2667 1175 2730 quae
1198 2649 1281 2715 ratio
1304 2650 1403 2716 inter·

226 2755 437 2822 cedat0inter
460 2753 662 2820 Hadrianum
691 2760 725 2821 et
747 2754 928 2838 Pollucem,
956 2755 1115 2821 Hadriani
1147 2775 1230 2835 quae
1252 2757 1404 2822 dicuntur

227 2861 479 2929 declamationes
502 2861 692 2943 diligentius
715 2879 850 2928 necesse
873 2867 925 2926 est
948 2863 1176 2928 examinemus.

317 3037 382 3104 Sub
399 3038 559 3104 Hadriani
570 3038 699 3105 nomine
716 3043 868 3118 quattuor
883 3038 1068 3121 fragmenta
1084 3043 1118 3104 et
1137 3058 1195 3106 sex
1211 3039 1401 3121 sententiae,

226 3165 308 3227 quas
332 3146 488 3226 ‚quintum
507 3143 735 3228 fragmentum‘
759 3145 846 3211 inira
863 3146 1042 3228 appellabo,
1066 3147 1190 3226 primus
1209 3146 1313 3212 edidit
1334 3146 1402 3211 Leo

227 3253 368 3318 Allatins
383 3253 416 3317 in
433 3251 607 3333 Excerptis
623 3252 723 3319 variis
739 3251 936 3320 Graecorum
952 3252 1170 3332 sophistarum
1186 3261 1219 3320 et
1237 3254 1402 3319 rhetorum

228 3359 350 3425 Romae
368 3357 452 3422 1641
478 3377 518 3425 ex
542 3359 651 3424 codice
668 3358 819 3425 Vaticani
843 3357 931 3424 1354
947 3358 1124 3442 simillim03
1149 3359 1291 3426 codicem
1307 3377 1402 3439 quem

227 3466 422 3548 adhibuerit,
445 3465 587 3531 Allatius
610 3484 671 3532 non
697 3465 820 3532 indicat
830 3463 863 3548 1).
909 3464 961 3530 le
983 3465 1098 3531 Allatii
1126 3466 1268 3532 editione
1296 3470 1401 3532 trans-

227 3572 372 3639 tulerunt
398 3572 480 3638 haec
509 3571 694 3654 fragmenta
717 3571 748 3637 J.
773 3572 806 3637 C.
831 3571 972 3638 Orelhus
999 3572 1032 3637 in
1058 3572 1231 3640 editionem
1255 3573 1401 3639 Philonis

228 3678 402 3761 Byzantini
415 3677 502 3742 1816
515 3683 548 3744 et
565 3678 637 3744 Chr.
651 3677 745 3744 Wolz
757 3679 790 3744 in
802 3679 981 3744 Rhetornm
996 3677 1195 3746 Graecorum
1206 3680 1260 3746 vol
1275 3680 1292 3745 Ι
1305 3678 1400 3744 1832.

227 3787 415 3852 Postremus
432 3785 541 3850 Christ
556 3784 755 3853 Geschichte
774 3785 837 3851 der
855 3785 1081 3868 griechischen
1098 3783 1279 3852 Litteratur
1296 3782 1401 3848 1905*

227 3911 256 3972 p.
290 3889 356 3954 844
387 3892 494 3957 emnia
529 3897 683 3973 excerpta
713 3891 881 3957 Hadriano
916 3892 1095 3958 attribuere
1128 3891 1272 3975 videtur,
1308 3909 1401 3971 quem

227 4006 335 4065 tamen
348 3998 404 4064 IV.
416 3999 544 4064 demum
557 3998 685 4066 saeculo
695 3997 842 4065 floruisse
854 4004 956 4080 putat.
981 3997 1180 4078 Nequerero
1193 3997 1401 4077 lamblicnob

317 4192 337 4256 ¹)
358 4191 452 4256 Hinclx
470 4191 632 4244 Polemonis
652 4192 879 4258 declamationes,
898 4209 925 4259 p.
945 4193 1026 4246 VIII.

316 4282 336 4348 ⁹)
354 4281 397 4332 De
410 4281 549 4333 brevitate
562 4281 701 4333 secundae
717 4283 850 4348 syllabae,
870 4282 919 4333 cfr.
941 4281 1098 4333 Guidonem
1110 4281 1229 4346 Winter,
1249 4281 1290 4331 Do
1309 4278 1401 4330 mimis
1439 4297 1441 4302 ·

227 4369 435 4437 Oxyrhynchiis
458 4371 527 4421 1906
546 4387 572 4438 p.
592 4371 617 4423 6.
1467 4366 1471 4376 “
