3402 5066
776 437 997 498 ..35-

299 635 446 700 pugnare
469 633 533 681 nou
558 613 665 695 desiit,
689 613 877 694 priusquam
901 631 974 679 eum
999 612 1153 680 cathedra
1169 613 1295 694 depulit
1317 611 1366 695 (V.
1384 612 1416 679 S.
1440 613 1477 678 ll

301 723 353 806 19,
379 722 412 805 1·,
437 721 489 804 26,
517 721 558 802 1),
585 719 760 785 Cassianus
784 724 892 785 autem
917 718 957 784 ad
981 719 1169 785 cathedram
1193 721 1369 801 nitebatur,
1400 738 1477 799 quo-

298 832 523 907 tieusoumque
539 830 751 908 praeceptore
768 827 916 908 vacabat,
933 826 1106 892 Chrestum
1121 825 1233 892 laudat
1244 827 1476 906 Philostratus,

300 936 384 1017 quod
406 936 468 1001 hoo
484 938 649 1000 certamen
665 951 728 998 uon
753 932 917 999 curaverit
941 931 991 1012 (V.
1008 930 1159 1014 81111,
1185 931 1230 1015 2),
1255 951 1348 999 66616
1371 933 1478 1014 166166

299 1042 496 1110 desiderium
508 1039 613 1121 magis
625 1040 775 1119 aperiens
788 1057 884 1118 quam
895 1038 1076 1106 recondens
1088 1057 1160 1104 cum
1170 1039 1258 1105 dicit.
1276 1038 1311 1104 V.
1326 1037 1475 1120 61161

300 1152 446 1232 προῦστη
470 1145 525 1230 (sc.
547 1143 716 1228 Θεόδοτος)
740 1144 872 1228 καὶτῆς
895 1139 1080 1229 Ἀθηναίων
1098 1150 1248 1230 νεότητος
1268 1153 1395 1229 πρῶτος
1417 1141 1477 1206 ent

298 1262 370 1325 ταῖς
383 1249 417 1316 ἐκ
430 1251 582 1335 βασιλέως
593 1253 731 1335 μυρίαις.
744 1251 800 1312 καὶ
812 1251 850 1313 od
863 1255 959 1312 τοῦτό
973 1273 1024 1312 πω
1037 1252 1136 1329 ἄξιον,
1151 1251 1225 1314 οὐδὲ
1238 1251 1297 1335 γὰρ
1308 1255 1431 1322 πάντες
1445 1251 1477 1313 οἱ

300 1356 549 1442 duodenariorum
567 1367 625 1422 τοῦ
641 1361 764 1441 θρόνου
780 1361 896 1420 τούτου
911 1357 1006 1436 λόγου
1023 1359 1114 1430 ἄξιοι.
1151 1361 1230 1426 Cum
1245 1361 1346 1442 igitur
1362 1361 1474 1439 quanti

301 1467 476 1534 cathedrae
498 1467 653 1531 honorem
670 1465 835 1547 sophistae
851 1465 1116 1532 aestimavissent
1132 1467 1474 1547 demonstraverimus,

301 1573 554 1642 controversiam
570 1590 653 1651 quao
668 1573 755 1637 iuter
769 1571 935 1636 Pollucem
951 1575 985 1637 61
1000 1571 1218 1654 Phrynichum
1232 1579 1312 1655 erat,
1331 1571 1475 1637 muueris

300 1689 334 1747 et
360 1680 491 1746 honoris
520 1679 696 1745 certamine
720 1685 848 1743 auctam
871 1694 944 1743 esse
968 1683 1125 1758 ponentes
1149 1697 1264 1746 avero
1288 1698 1351 1745 nou
1375 1680 1477 1761 longe

203 1821 207 1832 ι
300 1789 453 1854 aberrare
476 1804 534 1851 nos
557 1790 644 1865 puto.
681 1785 797 1864 Itaque
813 1785 1019 1867 Phrynichus
1039 1784 1204 1881 Pollucem
1228 1785 1420 1868 aggreditur
1436 1803 1475 1850 eo

299 1895 369 1974 ipso
385 1899 542 1973 tempore,
568 1910 629 1970 quo
646 1891 801 1957 cathedra
824 1895 1037 1972 praeceptore
1053 1894 1192 1958 vacabat
1215 1897 1248 1958 61
1268 1893 1394 1974 Pollux,
1420 1893 1474 1972 qui

299 2006 427 2083 septem
450 1999 576 2080 priores
605 1998 792 2064 onomastioi
816 1997 916 2064 libros
939 1998 1004 2062 iam
1028 1999 1190 2080 emiserat,
1220 1999 1262 2064 ad
1285 1999 1475 2066 cathedram

299 2107 474 2173 nitebatur.
512 2105 564 2168 An
588 2123 666 2170 oasu
689 2104 810 2169 iactum
834 2121 907 2170 esse
929 2109 1036 2187 putas,
1067 2108 1105 2170 ut
1127 2105 1332 2186 Phrynichus
1360 2106 1394 2171 in
1418 2125 1477 2173 eos

298 2214 386 2295 ipsos
413 2212 526 2295 libros,
558 2213 612 2292 qui
644 2217 721 2277 aute
750 2230 866 2277 munus
897 2212 978 2277 illud
1009 2212 1152 2278 delatum
1184 2213 1294 2278 emissi
1317 2220 1402 2296 6661,
1437 2234 1476 2280 66

298 2320 583 2387 vehementissime
606 2320 641 2384 in
664 2336 774 2384 eorum
797 2323 989 2402 postremos,
1014 2317 1061 2383 VI
1085 2323 1118 2384 et
1140 2319 1205 2384 VII
1228 2318 1313 2402 dico,
1341 2321 1474 2387 iuvehe·

298 2432 398 2509 retur,
421 2430 538 2508 666166
560 2443 601 2491 66
624 2443 723 2490 unum
747 2409 876 2504 quidem
899 2426 1041 2492 Pollucis
1065 2425 1183 2491 librum
1205 2427 1473 2510 reprehenderet,

299 2533 356 2599 sed
383 2532 498 2598 Pollux
522 2551 558 2598 se
582 2532 775 2598 defenderet
798 2532 839 2596 ab
863 2532 1042 2597 adversarii
1066 2533 1383 2612 vituperationibus?

388 2745 517 2810 Primus
540 2744 682 2825 praefuit
704 2744 889 2810 Theodotus
914 2744 1088 2810 cathedrae
1112 2745 1309 2825 sophisticae
1332 2747 1474 2813 Athenis

299 2851 460 2932 stipendio
492 2852 699 2933 imperatorio
727 2856 868 2917 ornatus.
915 2850 1037 2933 Quodsi
1060 2870 1134 2947 quo*
1150 2870 1234 2918 auno
1257 2852 1374 2918 Pollux
1397 2854 1474 2919 hnic

298 2957 473 3026 cathedrae
485 2959 690 3039 praepositus
703 2958 746 3023 sit
756 2959 944 3041 ernerimus,
958 2958 1056 3024 etiam
1065 2958 1236 3036 1116666166,
1254 2977 1315 3039 666
1327 2963 1472 3040 16166616

298 3065 440 3131 Pollucis
464 3065 683 3134 ouomastioon
705 3070 745 3138 ,et
773 3065 885 3140 ecloga
907 3065 1086 3147 Phryuiohi
1114 3066 1235 3146 scripta
1258 3067 1332 3132 siut.
1378 3066 1473 3132 Diffi-

299 3172 419 3236 cillima
452 3171 534 3237 haec
566 3171 711 3250 quaestio
746 3175 808 3253 661,
836 3189 927 3250 ¹quae
959 3171 1022 3238 nisi
1058 3171 1248 3254 ambagibus
1281 3173 1471 3253 quibusdam

298 3278 492 3345 necessariis
516 3277 687 3343 diiudicari
709 3296 773 3343 non
796 3281 913 3358 potest.

388 3383 453 3450 Sed
468 3385 656 3466 priusquam
673 3383 713 3450 de
729 3389 875 3464 tempore
891 3402 952 3464 quo
969 3384 1126 3451 cathedra
1142 3386 1319 3466 sophistica
1343 3387 1474 3454 condita

299 3491 342 3556 sit
358 3491 494 3572 agimus,
518 3508 655 3556 necesse
679 3495 730 3556 est
754 3489 895 3557 discerni
908 3491 995 3558 inter
1010 3490 1091 3557 duas
1113 3491 1296 3574 cathedras,
1322 3495 1476 3574 sophisti-

298 3614 369 3662 cam
392 3600 428 3663 et
451 3596 625 3678 6611116616.
671 3596 784 3676 Neque
806 3614 884 3664 vero
909 3597 926 3657 ὀ
950 3597 1129 3679 σοφιστικὸς
1153 3601 1271 3681 θρόνος
1295 3605 1330 3665 61
1346 3602 1363 3661 ὁ
1381 3599 1474 3663 πολι·

298 3703 385 3774 aanor
408 3702 777 3788 96616116111161661,
801 3707 837 3768 ut
859 3704 940 3770 11666
956 3705 1090 3786 urbana,
1115 3705 1173 3771 1116
1195 3707 1288 3791 regia
1303 3707 1473 3790 cathedra,

298 3817 434 3890 utraque
457 3810 634 3892 sophistica
651 3810 695 3875 sit
714 3810 977 3894 intellegenda¹).
1018 3810 1081 3877 Sed
1097 3812 1217 3878 rectius
1237 3812 1317 3878 mihi
1338 3813 1475 3880 Carolus

370 4005 392 4071 1)
411 4003 521 4070 Zumpt,
540 3992 617 4055 sibor
637 4002 691 4054 dan
704 4003 828 4055 Bastand
847 4003 896 4054 dar
914 4003 1163 4070 philosophisohen
1182 4005 1303 4057 Schuleu
1322 4007 1351 4057 iu
1368 4007 1472 4059 Athen.

297 4093 371 4144 Abh.
391 4092 416 4142 d.
429 4093 503 4143 Berl.
517 4092 605 4144 Ahad.
626 4093 695 4142 1842
714 4109 740 4158 p.
759 4093 795 4142 48
810 4108 870 4159 sqq.
902 4093 1066 4159 Bernhardy
1085 4093 1102 4146 l.
1123 4095 1140 4144 l.
1160 4094 1174 4144 I
1195 4091 1277 4144 18613
1295 4112 1321 4161 6.
1335 4095 1386 4148 591
1403 4113 1476 4163 sqq,

297 4182 342 4232 Fr.
356 4182 514 4243 Hertzberg
533 4181 551 4230 1.
571 4183 588 4233 l.
608 4182 638 4231 11
656 4197 683 4248 p.
696 4182 758 4245 407,
777 4181 825 4232 III
843 4198 869 4247 p.
889 4181 933 4244 99,
953 4181 982 4232 0.
998 4181 1194 4246 Wachsmnth,
1213 4182 1266 4234 Die
1282 4184 1365 4236 Stadt
1377 4186 1472 4238 Athon

297 4269 336 4320 im
363 4270 505 4320 Altartum
528 4271 543 4320 I
567 4270 636 4320 1874
666 4286 694 4336 p.
720 4246 772 4320 699
798 4286 867 4336 sqq,
897 4269 1007 4321 Oroiset
1036 4269 1161 4324 Histoire
1187 4271 1220 4322 da
1245 4273 1273 4323 la
1300 4273 1477 4326 Litteraturo

299 4358 426 4424 Gracque
445 4359 470 4410 V
491 4359 559 4410 1899
578 4375 604 4424 p.
625 4358 759 4411 576616.
779 4359 804 4410 3.
