3402 5066
648 1053 677 1096 lll
940 962 984 1098 VX

541 1131 759 1391 sn
874 1132 1081 1391 A

478 1429 500 1464 s.
521 1413 574 1464 XV
663 1429 684 1462 s.
704 1413 789 1464 XVII
845 1430 866 1463 s.
886 1414 939 1464 XV
1072 1411 1075 1571 ι

988 1589 1063 1655 eurr.
1087 1590 1188 1672 princ.

442 1705 464 1738 s.
478 1689 562 1740 XVII
593 1704 614 1740 s.
624 1688 710 1740 XVII
1052 1691 1120 1741 1641

319 1850 528 1932 Corruptelae
544 1850 663 1916 codicis
678 1870 700 1933 y
716 1850 870 1917 facillime
886 1850 1131 1934 intelleguntur,
1161 1854 1188 1918 si
1205 1853 1275 1919 cius
1292 1853 1402 1918 arche·

226 1964 339 2040 typum
367 1959 488 2022 litteris
516 1957 704 2023 minusculis
733 1964 902 2024 exaratum
932 1958 1034 2024 inisse
1061 1964 1220 2038 putamus.
1267 1958 1403 2040 Semper

228 2065 390 2144 scriptura
422 2064 540 2129 codicis
575 2084 605 2128 nr
631 2083 671 2130 ex
696 2065 726 2129 A
755 2071 789 2130 et
815 2064 848 2129 M
871 2064 1066 2131 restituendi
1102 2065 1317 2147 praeferenda
1351 2071 1403 2132 est

218 2171 351 2236 dnobus
375 2190 453 2252 quos
477 2190 574 2252 supra
596 2170 736 2237 indicavi
760 2171 840 2237 locis
864 2172 1009 2253 exceptis
1032 2173 1213 2254 scripturae
1236 2173 1303 2239 cod.
1326 2192 1356 2237 x.

226 2438 230 2443 .
319 2384 650 2466 Itaquemaniicstum
660 2391 711 2451 est
723 2385 896 2452 secundam
909 2403 1037 2450 manum
1048 2385 1401 2452 cod.Aslveexcodice

228 2512 260 2557 m
283 2493 354 2559 aive
374 2511 415 2557 ex
438 2492 548 2558 codice
570 2491 707 2572 quodam
722 2492 817 2557 huius
842 2491 957 2558 classis
976 2511 1061 2558 nunc
1081 2492 1248 2572 deperdito
1270 2492 1400 2558 titulum

110 2707 114 2714 .
228 2599 365 2731 Ἰαμβλῗ
380 2651 437 2713 κτλ
464 2653 686 2732 exscripsisse,
711 2670 773 2733 quo
800 2652 834 2717 in
863 2652 973 2718 codice
1000 2652 1114 2717 titulus
1138 2672 1195 2718 sno
1221 2653 1291 2718 loco
1313 2653 1401 2734 lege

227 2760 331 2824 batur.
378 2759 469 2841 Quod
495 2778 532 2824 eo
556 2759 660 2842 magis
684 2758 891 2824 manifestum
916 2763 977 2841 est,
1001 2759 1077 2838 quia
1099 2759 1291 2826 Meibomius
1314 2759 1400 2840 frag·

216 2872 338 2942 menta
360 2865 472 2933 ordine
495 2870 617 2931 mutato
634 2867 778 2946 praebet.
817 2865 926 2931 Primo
950 2866 1035 2931 enirn
1051 2866 1121 2930 loco
1143 2870 1212 2931 tres
1228 2864 1400 2930 Iamblichi

228 2978 392 3055 excerpta,
416 2979 484 3038 turn
508 2973 651 3055 Diodori,
675 2972 793 3038 deinde
817 2971 973 3055 Callinici,
998 2972 1136 3052 denique
1156 2971 1314 3037 Hadriani
1337 2970 1399 3037 duo

215 3079 411 3162 fragmenta
435 3080 575 3145 exhibet.

403 3275 432 3339 2.
456 3275 511 3341 lle
535 3275 743 3341 Iamblichi
766 3279 804 3341 et
827 3275 1016 3341 Hadriani
1040 3293 1223 3340 sermone.

316 3411 504 3480 Sermonem
532 3413 665 3480 secundi
695 3415 872 3496 fragmenti
901 3414 1016 3480 melius
1047 3432 1117 3478 curn
1145 3411 1318 3479 Iamblichi
1345 3431 1398 3478 ex-

227 3521 349 3600 cerptis
365 3520 538 3586 convenire
555 3539 649 3600 quarn
666 3538 737 3585 cnm
761 3520 920 3586 Hadriani
943 3519 1091 3586 Hercher
1113 3524 1207 3601 putat
1215 3519 1247 3596 1).
1288 3519 1399 3600 Neque

226 3635 336 3694 tamen
365 3628 399 3691 id
430 3627 573 3694 ostendit
602 3645 707 3707 neque
738 3626 835 3693 facile
865 3627 971 3708 potuit
1002 3627 1173 3693 ostendere
1196 3631 1262 3692 tam
1286 3625 1398 3708 paucis

227 3731 385 3799 Hadriani
420 3739 454 3800 et
487 3733 659 3801 Iamblichi
688 3735 798 3801 uerbis
832 3735 925 3800 nobis
960 3733 1098 3801 traditis.
1151 3732 1273 3799 Tamen
1308 3734 1400 3798 iuvat

226 3841 481 3924 fragmentorum
502 3859 681 3908 sermonem
705 3843 899 3907 examinare.
938 3841 987 3906 Ac
1010 3840 1228 3922 fragmentum
1249 3844 1398 3919 quartum

226 3949 332 4014 colore
362 3948 598 4028 Xenophonteo
628 3949 785 4014 imbutum
818 3954 876 4014 est.
927 3948 1010 4013 Nam
1040 3955 1076 4012 ut
1102 3948 1136 4011 iu
1164 3964 1300 4027 pompae
1328 3945 1397 4011 des·

227 4055 387 4136 criptioue
398 4054 543 4121 imitatus
556 4061 608 4121 est
619 4054 845 4136 Xenophontis
858 4055 1078 4136 Cynopaediae
1087 4055 1106 4118 1.
1120 4052 1210 4134 VIII,
1222 4049 1252 4135 3,
1266 4048 1397 4134 9sqq2),

314 4285 336 4353 l)
355 4288 474 4338 Hermes
492 4288 506 4338 I
525 4303 549 4352 p.
570 4287 631 4338 363.

314 4373 336 4444 2)
355 4376 454 4428 Rohde
472 4377 490 4427 l.
510 4377 527 4430 l.
546 4393 573 4442 p.
593 4375 646 4426 378
665 4375 728 4427 adu.
748 4376 772 4426 8.
