3402 5066
786 477 825 486 -
877 439 920 504 50
965 476 1010 485 .-

719 730 738 787 χ
762 639 882 787 Ιάμβλῖί
903 656 1014 788 inrupi:
1098 781 1100 784 Ι
1166 699 1169 704 ’

800 839 1017 965 βαβυλωνιαῖε
1040 903 1059 960 χ

314 1029 369 1095 vir
392 1024 504 1088 doctus
527 1015 693 1092 Rostagno
717 1009 951 1090 benignissime
974 1027 1099 1074 mecum
1122 1008 1378 1074 communicavit.
1424 1007 1489 1074 Sed

313 1151 390 1200 cum
432 1130 594 1192 auctorem
630 1116 702 1182 aliis
736 1116 816 1181 locis
858 1133 929 1181 cum
964 1111 999 1176 ἐκ
1034 1115 1273 1194 praepositione
1312 1115 1489 1180 indicatum

320 1242 468 1322 legamus
496 1229 585 1294 velut
616 1225 649 1288 in
680 1222 827 1303 margine
863 1221 1024 1302 excerpti·
1041 1221 1117 1303 περὶ
1145 1221 1217 1282 dou·
1235 1219 1491 1304 ἀριστευσάντων

315 1348 372 1412 iol.
390 1339 454 1406 123
479 1332 513 1398 ἐκ
530 1342 587 1395 τοῦ
603 1325 756 1410 διοδώρου
777 1335 811 1394 et
826 1329 971 1408 excerpti
991 1322 1145 1413 ἐπιστολὴ
1163 1325 1316 1398 ἄμάσιδος
1338 1327 1491 1408 βασιλέως

315 1449 479 1531 ¹<adprimae
503 1443 556 1508 iol.
582 1437 646 1502 126
671 1431 706 1507 ἐξ
731 1429 895 1522 ignitique,
924 1434 1021 1500 facile
1049 1420 1168 1500 dixerit
1195 1437 1355 1516 quispiam
1383 1453 1421 1500 eo
1450 1435 1490 1500 de

315 1577 381 1640 qno
406 1551 589 1636 quaerimus
611 1545 681 1609 loco
698 1560 762 1607 non
786 1548 949 1607 auctorem
965 1541 1101 1606 indicari
1127 1542 1183 1606 sed
1200 1543 1254 1622 agi
1278 1542 1319 1608 de
1334 1541 1491 1608 eiusmodi

318 1663 491 1740 sententia,
525 1654 615 1720 cuius
640 1650 778 1716 similem
802 1649 887 1729 apud
911 1648 1122 1712 IambIIchum
1148 1649 1255 1713 scriba
1271 1649 1404 1730 legerit3
1429 1667 1492 1727 qua

315 1793 358 1840 ex
380 1789 417 1836 re
432 1787 474 1834 ne
497 1781 596 1829 uuum
612 1757 741 1839 quidem
757 1761 945 1836 excerptum
961 1754 1139 1820 Iamblicho
1163 1773 1236 1853 esse
1252 1755 1491 1821 vindicandum.

317 1952 549 2016 Verumtamen
565 1935 742 2004 tenendum
759 1939 820 2011 est,
845 1931 926 2011 quod
944 1932 1056 1996 titulus
1081 1865 1211 2011 Ῐαμβλιχ
1221 1931 1278 1993 κτλ
1295 1935 1328 1996 in
1346 1933 1493 2014 margine

317 2075 384 2122 non
408 2054 447 2119 ab
472 2047 582 2132 eadem
607 2060 704 2108 manu
727 2039 909 2118 adscriptus
933 2045 992 2119 est,
1017 2046 1053 2103 ut
1075 2039 1277 2104 indicaverat
1293 2041 1410 2120 Hinclr‚
1435 2039 1493 2105 sed

319 2169 453 2246 propter
481 2152 704 2220 diversitatem
735 2147 917 2211 litterarum
951 2152 984 2210 et
1016 2146 1189 2210 atramenti
1221 2146 1291 2211 sine
1323 2147 1419 2211 dubio
1452 2146 1493 2209 ab

319 2271 425 2336 altera
468 2279 564 2328 manu
604 2274 677 2323 esse
712 2254 841 2318 titulum
876 2251 962 2316 idem
997 2251 1163 2332 Rostagno
1200 2253 1278 2316 mihi
1316 2252 1494 2332 rescripsit.

320 2377 436 2456 Itaque
460 2369 608 2451 equidem
634 2364 674 2426 de
698 2360 875 2425 Iamblicho
898 2363 1029 2423 auctore
1053 2358 1162 2422 addito
1186 2377 1248 2423 non
1275 2359 1393 2424 dubito.

411 2498 521 2576 Neque
544 2498 653 2556 tamen
677 2487 730 2550 hic
753 2484 867 2548 titulus
890 2483 923 2546 in
953 2483 1100 2562 margine
1129 2482 1296 2562 appositus
1321 2481 1359 2546 ad
1384 2481 1418 2545 id
1441 2501 1494 2546 cx-

319 2611 468 2686 oerptum
491 2599 643 2680 pertinet,
667 2593 758 2658 cuius
782 2591 841 2654 sub
865 2588 962 2652 finem
986 2588 1126 2667 scriptus
1150 2589 1280 2670 legitur,
1305 2588 1361 2653 sed
1392 2588 1433 2652 ad
1457 2607 1496 2652 ea

323 2713 517 2794 fragmenta,
543 2721 624 2784 quae
652 2702 838 2778 sequuntur.
885 2694 1003 2758 Mirum
1035 2695 1120 2759 enim
1148 2701 1237 2760 esset
1265 2696 1403 2760 scribam
1431 2713 1495 2758 non

286 2885 291 2894 ,
323 2820 383 2885 sub
399 2815 537 2894 initium,
562 2808 619 2874 sed
637 2807 696 2872 sub
720 2804 816 2868 finem
833 2801 1076 2879 inscriptionem
1100 2820 1119 2864 a
1142 2802 1245 2880 prima
1267 2821 1362 2866 manu
1385 2801 1497 2882 regie.

321 2932 408 2992 ctam
440 2923 473 2986 in
506 2916 651 2998 margine
683 2909 886 2992 apposuisse,
921 2908 950 2971 si
982 2906 1167 2987 fragmenta
1198 2908 1274 2972 indo
1306 2929 1324 2972 a
1355 2908 1496 2972 secundo

324 3050 424 3112 usque
453 3027 493 3093 ad
522 3025 669 3105 quintum
695 3016 872 3083 Iamblicho
896 3013 1062 3079 vindicare
1085 3014 1250 3078 voluisset.
1297 3014 1388 3096 Quod
1417 3015 1497 3076 mihi

325 3138 452 3218 quidem
476 3127 667 3197 incredibile
691 3142 763 3190 esse
787 3121 916 3187 videtur
938 3138 1043 3199 neque
1066 3119 1100 3183 in
1123 3125 1191 3184 toto
1214 3121 1274 3184 hoc
1298 3120 1407 3185 codice
1431 3120 1497 3184 tale

326 3244 499 3324 quidquam
522 3237 699 3314 invenitur3
723 3230 822 3295 multo
846 3227 1054 3293 verisimilius
1079 3232 1137 3299 est,
1162 3225 1404 3307 inscriptionem
1428 3227 1497 3291 sire

325 3358 460 3435 propter
483 3343 716 3428 longitudinem
739 3336 826 3401 tituli
850 3335 919 3400 sive
943 3332 1069 3398 exalia
1093 3333 1218 3398 ratione
1242 3333 1340 3413 spatii
1364 3333 1434 3398 sive
1458 3352 1498 3398 ex

325 3476 436 3524 errore
460 3454 553 3534 paulo
578 3449 668 3530 prius
692 3444 887 3521 adscriptam
911 3458 984 3505 esse
993 3437 1025 3523 1).
1099 3467 1101 3474 ,

416 3576 543 3644 Deinde
572 3591 643 3639 cum
673 3572 734 3635 duo
763 3585 844 3646 quae
873 3572 1052 3643 sequuntur
1082 3570 1235 3643 excerpta
1262 3565 1296 3628 in
1327 3563 1498 3630 Iamblichi

326 3665 472 3754 historiis
487 3683 591 3748 locum
609 3697 700 3744 suum
716 3679 859 3753 teneant,
882 3667 1022 3736 tortasse
1041 3671 1139 3735 etiam
1156 3673 1214 3735 sex
1228 3671 1304 3736 illae
1317 3672 1501 3736 sententiae

327 3791 483 3870 solutaeil
500 3784 677 3870 excogitari
691 3781 818 3848 omnino
831 3797 894 3844 non
906 3782 1025 3858 potest,
1040 3776 1191 3856 quidnam
1204 3777 1324 3842 milites
1337 3777 1501 3857 stipendia

327 3915 540 3928 ,.....---

418 4006 440 4074 ¹)
460 4002 561 4054 Eodem
586 3979 669 4050 medo
693 3996 722 4046 in
747 3993 845 4046 Iacobi
870 3989 1039 4056 Schoepperi
1064 3987 1218 4054 tragoedia,
1244 4003 1314 4054 quaa
1338 3987 1503 4039 inscribitur

328 4091 539 4148 Batrachelistis
553 4096 613 4155 ata,
628 4085 761 4138 Coloniae
777 4081 887 4133 1546111
902 4087 955 4130 act.
970 4080 1001 4128 II
1019 4079 1035 4128 2
1050 4078 1142 4143 Septa,
1162 4077 1237 4126 1113
1252 4084 1325 4140 octo,
1344 4077 1391 4127 III
1409 4077 1426 4126 3
1441 4079 1503 4128 sola

328 4185 524 4251 loq<uitur>
544 4180 596 4231 sub
615 4178 698 4227 finem
710 4169 902 4240 praecedentis
921 4167 1009 4234 partis
1029 4167 1057 4217 in
1070 4165 1196 4229 margine
1210 4165 1390 4216 ascribuntur
1409 4166 1501 4231 spatio

328 4289 385 4324 non
404 4272 541 4336 exigente.

321 4385 323 4390 ·
419 4379 438 4443 q
457 4375 555 4426 nouae
574 4355 592 4423 i.
611 4373 628 4425 1.
648 4388 675 4436 p.
695 4368 747 4420 aro
767 4367 829 4418 aon.
851 4367 875 4430 1,
895 4365 955 4428 ara,
975 4363 1027 4412 aas
1047 4362 1109 4412 aon.
1129 4353 1153 4410 a.
