3402 5066
732 432 933 495 ..7-

335 615 564 679 Verumtamen
594 629 666 677 eum
693 628 798 678 nouae
826 609 1010 678 comoediae
1038 616 1197 694 auctores,
1229 631 1422 692 quamquam

243 722 278 786 iu
303 718 425 786 ceteris
447 718 541 784 libris
564 718 685 785 alteros
709 735 867 798 nusquam
888 717 1008 784 alteros
1024 737 1097 784 raro
1120 718 1289 799 praedicat
1305 725 1423 802 testes,

244 827 279 892 iu
302 827 385 892 libro
409 824 443 889 X
459 842 522 889 nou
547 824 648 890 solum
672 842 836 905 uunquam
860 824 1010 908 castiget,
1034 823 1092 891 sed
1115 825 1213 891 etiam
1230 826 1425 907 saepissimo

244 932 366 1015 laudet,
398 931 565 997 Pollucem
594 931 629 996 iu
652 931 736 997 libro
759 930 793 995 X
816 931 913 996 aliam
941 931 1101 998 rationem
1124 933 1303 998 recentium
1327 932 1422 999 comi·

244 1058 352 1106 corum
381 1037 614 1104 laudandorum
645 1044 792 1104 secutum
819 1055 894 1105 esse
924 1037 1133 1104 manifestum
1162 1044 1214 1105 est
1237 1036 1295 1123 (b),
1324 1038 1435 1116 aliam,

244 1146 320 1212 iniit
341 1146 375 1211 iu
400 1163 497 1225 opere
520 1144 721 1211 instituendo
744 1140 756 1226 (
776 1143 798 1227 ).

334 1356 379 1444 (a)
393 1359 421 1424 N
423 1378 472 1424 am
490 1377 553 1440 qua
569 1357 714 1426 sollertia
735 1357 767 1423 iu
789 1356 865 1423 libri
880 1358 914 1423 X
929 1357 1062 1426 exordio
1077 1376 1119 1426 ex
1140 1359 1322 1445 σκευοθήκη
1341 1375 1422 1425 uoce

246 1466 469 1547 metaphorice
493 1465 580 1531 dicta
602 1466 714 1532 statim
737 1464 778 1529 ad
801 1465 897 1530 huius
912 1466 1002 1532 uocis
1026 1483 1205 1549 synonyma
1229 1464 1422 1547 explicanda

245 1563 352 1640 tacete
370 1565 491 1640 transit
498 1570 534 1656 ¹),
556 1570 670 1639 eudem
689 1590 730 1638 ex
744 1570 830 1639 lecto
851 1579 885 1639 et
900 1573 1013 1640 lasauo
1029 1570 1202 1654 descriptis
1218 1569 1248 1657 (ξ
1265 1569 1420 1655 32-45),

246 1681 362 1760 quibus
384 1687 482 1746 noctu
506 1685 648 1760 utuntur,
681 1678 866 1745 describere
888 1679 998 1762 pergit
1020 1697 1060 1746 ea
1082 1678 1309 1760 iustrumenta,
1339 1695 1421 1758 quae

246 1807 265 1851 a
296 1788 402 1868 prima
433 1786 506 1853 luce
538 1802 640 1866 usque
669 1784 710 1850 ad
734 1802 908 1866 vesperum
937 1784 1113 1852 secuudum
1135 1785 1292 1870 temporis
1316 1785 1422 1865 spatia

245 1894 280 1958 iu
303 1912 396 1959 usum
420 1893 564 1974 veniunt,
594 1899 629 1957 ut
651 1891 797 1958 libellum
822 1892 869 1959 de
897 1893 981 1972 ipso
1005 1891 1224 1958 cottidiano
1248 1909 1422 1957 sermono

247 2000 391 2066 scribere
415 1999 572 2065 videatur.
619 1997 720 2080 Quam
745 1999 821 2064 libri
843 2000 876 2065 X
899 1999 1025 2065 mediae
1048 1999 1151 2080 partis
1174 1999 1422 2079 iustitutionem,

247 2114 283 2172 ut
313 2107 421 2174 trevis
444 2107 516 2189 sim,
549 2125 590 2172 ex
613 2106 751 2187 siugulis
780 2106 941 2186 capitibus
965 2106 1139 2186 exscriptis
1163 2124 1331 2187 exponam,
1361 2124 1423 2184 quo

248 2213 350 2296 magis
382 2232 477 2293 quam
507 2212 587 2277 artis
611 2212 749 2278 vinculis
778 2213 864 2278 iuter
887 2231 923 2278 se
952 2213 1122 2291 couiuucta
1146 2212 1222 2293 sint,
1251 2217 1422 2292 appareat:

335 2323 373 2385 A.
391 2317 409 2404 ξ
424 2320 474 2384 46’
494 2313 706 2391 ἐξαναστάντι
722 2319 741 2381 δ
746 2313 791 2391 ’ἐξ
806 2319 913 2380 ὕπνου
926 2319 963 2379 ud
979 2322 1158 2402 πρόσωπον
1173 2314 1424 2380 ἀπονίπτεσθαι

247 2427 328 2505 δέον,
360 2428 378 2488 d
403 2432 482 2496 παῖς
505 2429 649 2509 πρόχουν
673 2424 745 2487 τινὰ
769 2421 851 2503 ἔχων
874 2429 1051 2509 προσοίσει,
1083 2433 1202 2509 νεαροῦ
1226 2432 1283 2486 τοῦ
1309 2423 1424 2494 ὕδατος

248 2525 387 2612 ἐπιχέων
411 2530 493 2594 κατὰ
514 2530 645 2617 λέβητος
670 2529 872 2618 ἢλουιηρίου
896 2536 1051 2602 τινός...
1075 2533 1112 2596 Β.
1137 2530 1155 2618 ξ
1176 2531 1218 2595 47
1243 2534 1425 2594 κείσθωσαν

246 2635 276 2703 δ’
301 2636 336 2702 ἐν
364 2642 408 2725 uqi
432 2647 561 2701 κοιτῶνι
584 2643 701 2721 θρόνοι
810 2639 841 2704 Ο.
867 2637 885 2724 ξ
910 2637 952 2701 49
982 2641 1207 2723 παρακεῖσθαι
1235 2638 1269 2700 δέ
1293 2654 1343 2700 σοι
1366 2633 1425 2722 χρὴ

247 2746 395 2829 βλαύτας,
430 2744 578 2828 βλαυτία,
613 2746 808 2833 ὑποδήματα
834 2798 839 2810 .
865 2796 899 2810 ..
931 2744 949 2832 ξ
978 2745 1019 2809 51
1049 2744 1088 2808 τὰ
1117 2744 1152 2808 δὲ
1181 2749 1236 2831 της
1263 2739 1424 2829 ἐσθησεως

249 2851 317 2938 εἴδη
342 2853 542 2936 προειρηκώς
564 2851 641 2936 (VII
664 2854 707 2917 46
723 2853 814 2938 sqq),
839 2852 896 2914 οὐκ
920 2845 962 2914 ἂν
984 2851 1052 2915 δέοι
1074 2873 1131 2931 μοι
1153 2844 1300 2914 ἐνταῦθα
1325 2848 1424 2911 πολυ-

247 2959 359 3039 λογεῖν.
382 2961 419 3022 οδ
432 2963 543 3021 τοίνυν
556 2958 628 3021 οὐδὲ
643 2958 831 3031 δακτυλίους
846 2958 903 3021 καὶ
919 2958 1093 3042 σφραγῖδας
1108 2958 1163 3020 καί
1179 2957 1349 3039 σφραγίδια
1365 2953 1423 3042 χρὴ

248 3074 306 3127 νῦν
327 3060 498 3145 ἐπιλέγειν.
522 3067 561 3132 Ι).
579 3060 648 3128 ἀλλ’
661 3062 692 3128 εἰ
708 3063 770 3144 μὲν
787 3061 937 3151 αι’ωρησει
957 3067 998 3150 τῇ
1011 3059 1053 3126 δι’
1072 3064 1242 3149 ὀχημάτων
1257 3065 1358 3148 χρηῖτό
1376 3083 1425 3132 τις

248 3173 325 3258 περὶ
348 3171 406 3260 την
431 3167 483 3250 ἕω,
517 3169 636 3255 θέρους
664 3176 767 3255 ὄντος,
800 3171 879 3256 πρὶν
904 3168 920 3258 ἢ
946 3171 1002 3233 τδν
1026 3167 1116 3258 η’λιον
1141 3169 1357 3253 περιφλέγειν,
1382 3167 1423 3231 τὰ

250 3278 406 3365 εἴδητῶν
430 3279 600 3365 ὀχημάτων
611 3280 635 3365 2)
661 3276 766 3342 ἰστέον
869 3279 906 3344 Ε.
930 3279 949 3360 ὅ
972 3276 1014 3342 57
1041 3274 1127 3340 εἰδὲ
1152 3275 1220 3339 ono
1240 3281 1296 3363 τῆς
1312 3273 1425 3362 αἰωρη-

341 3478 362 3541 ¹)
381 3475 513 3528 Eiusdem
532 3474 638 3540 ingenii
657 3481 701 3525 est
721 3475 735 3525 1
754 3475 771 3524 2
790 3470 939 3546 ποιήσομαι
958 3472 988 3527 δὲ
1008 3469 1058 3544 τὴν
1077 3441 1164 3544 ἀρχὴν
1183 3470 1231 3538 αφ’
1249 3461 1288 3523 dv
1306 3466 1423 3540 μάλιστα

249 3562 380 3636 προσήκει
401 3562 464 3624 τοὺς
484 3564 613 3634 εὐσεβεῖς,
633 3561 686 3617 α’πὸ
707 3570 760 3617 τῶν
778 3570 866 3617 θεῶν·
886 3560 918 3616 τὰ
938 3562 964 3616 δ’
982 3561 1050 3615 ἄλλα
1070 3560 1107 3622 ὥς
1125 3559 1161 3614 οἷν
1181 3559 1297 3614 ἕκαστον
1311 3558 1424 3632 luston,

250 3652 376 3728 τάξομεν.
415 3656 470 3706 Sed
488 3654 610 3706 fortasse
623 3654 728 3705 Pollux
746 3655 800 3705 hoc
817 3653 930 3704 initium
949 3669 984 3704 ex
1003 3668 1057 3703 usu
1072 3649 1320 3716 grammaticorum
1341 3648 1423 3713 oepit,

254 3746 303 3798 cfr.
323 3745 457 3795 Photium
477 3745 538 3795 eod.
560 3744 609 3794 161
630 3744 664 3794 ed
683 3743 794 3794 Bekker
812 3759 839 3809 p.
861 3743 944 3808 103ε,
963 3742 999 3793 20
1018 3741 1051 3792 de
1071 3741 1202 3806 Sopatro.

339 3831 360 3900 λ)
379 3834 422 3885 Do
450 3849 536 3884 curru
558 3832 614 3884 iam
638 3838 727 3898 agunt
750 3834 765 3884 I
791 3832 941 3884 142-148.
978 3830 1013 3881 In
1036 3833 1050 3893 ξ
1076 3829 1126 3879 142
1152 3827 1264 3879 Bekker
1288 3833 1316 3876 et
1336 3826 1424 3876 Bothe

250 3940 307 3974 nou
330 3929 406 3975 recte
430 3923 558 3974 scribunt
582 3929 654 3994 τρεῖς
678 3921 706 3974 δ’
726 3921 836 3992 ἔχοντος
860 3927 910 3975 τοῦ
929 3923 1041 3994 ταρρίοο
1060 3913 1180 3990 πλευρὰς
1204 3912 1252 3974 τὰς
1270 3911 1340 3967 κατὰ
1361 3909 1425 3972 τοὺς

252 4012 359 4078 ἵππους,
379 4010 409 4066 τὸ
430 4009 572 4066 ἀνώτατον
591 4007 671 4068 ξύλον
690 4008 818 4069 καπάναξ
836 4002 961 4063 καλεῖται
980 4050 986 4061 ,
1003 4049 1030 4061 ..
1051 4008 1122 4059 Cum
1139 4007 1166 4058 A
1184 4006 1208 4059 V
1227 4003 1257 4056 II
1275 4003 1425 4070 legendum

252 4111 296 4154 ost
313 4099 441 4172 πλευράς,
462 4107 508 4172 της
526 4097 597 4153 κατὰ
617 4097 683 4160 τούς
702 4101 802 4160 ἵππους
821 4097 851 4154 τὸ
872 4096 1015 4153 ι’νοίτστον
1034 4094 1115 4156 ξύλον
1134 4137 1140 4148 .
1161 4136 1167 4148 .
1188 4133 1194 4146 .
1214 4094 1286 4146 Nam
1304 4092 1425 4160 primum

251 4195 350 4242 currus
378 4192 413 4243 ad
442 4206 531 4255 equos
556 4205 655 4242 versus
678 4205 763 4242 unam
787 4191 909 4240 frontem
934 4189 1021 4239 habet
1038 4202 1095 4238 non
1114 4193 1181 4249 tres,
1206 4193 1266 4234 tum
1290 4198 1354 4233 oum
1372 4182 1425 4232 hac

254 4281 346 4332 l'rcute
366 4280 421 4331 duo
441 4281 531 4331 latera
550 4277 657 4344 (τῶνδὲ
675 4281 799 4349 πλαγίων
818 4281 941 4350 πλευρῷν
954 4275 970 4344 ξ
985 4276 1047 4343 143)
1067 4280 1273 4341 comparantur.
1306 4267 1425 4341 Τάρριον

253 4385 354 4420 nomen
387 4367 472 4420 cratis
503 4367 623 4419 currulis
652 4375 796 4433 sumptum
824 4372 867 4418 est
895 4383 912 4417 a
940 4365 1062 4417 canistro
1092 4360 1317 4427 sacrificantium,
1346 4359 1425 4411 cuius
