3402 5066
775 431 998 496 ..14-

288 612 388 678 cuius
419 629 600 678 sermonem
630 610 753 677 Bulbus
786 609 966 675 Trullensis
999 609 1180 690 praeferret
1212 608 1315 689 ipsius
1353 608 1471 674 Domo·

288 718 424 785 :sthcnis
447 715 598 799 sermoni,
623 735 719 798 quom
734 716 948 782 Cornelianus
972 716 1042 796 ipse
1066 715 1195 797 plurimi
1216 715 1341 782 fuceret
1356 715 1471 797 (Phry-

295 825 384 892 nichi
407 843 438 889 n.
462 823 526 890 393
550 843 579 906 p.
602 821 668 887 492
692 823 720 888 R
743 823 809 888 418
834 822 881 903 h).
930 822 1132 905 Phrynichus
1156 826 1264 888 autern
1288 828 1322 888 et
1344 820 1471 887 mediae

288 936 331 998 ot
354 948 459 998 novoe
482 929 666 996 comoediae
686 934 839 996 'auctores
861 927 1024 1011 repudiat,
1053 929 1094 995 do
1116 947 1201 995 novo
1225 932 1396 1010 practerea
1419 928 1471 992 his

297 1038 408 1105 vorbis
433 1037 630 1102 sententium
653 1036 746 1131 haud·
763 1038 948 1119 ambiguum
972 1035 1052 1103 fert:

385 1181 416 1226 n.
441 1159 506 1227 326
529 1180 559 1242 p.
583 1159 648 1224 456
671 1161 702 1226 R
725 1159 790 1224 344
815 1154 1046 1245 ΙιἝργοδότης
1070 1160 1107 1222 οδ
1130 1166 1244 1234 κεῖται,
1269 1159 1306 1220 τδ
1329 1157 1363 1220 δὲ
1388 1154 1473 1242 ἔργα·

289 1268 405 1330 ιδοτεῖν
429 1270 520 1351 παρά
551 1287 616 1330 τινι
648 1275 711 1329 τῶν
741 1269 906 1350 νεωτέρων
931 1266 1100 1351 κωμῳδῶν,
1132 1254 1180 1338 οἷς
1208 1265 1263 1328 καὶ
1292 1267 1402 1336 αὐτοῖς
1434 1265 1471 1326 οὐ

290 1378 460 1457 πειστέον,
492 1373 575 1454 quod
600 1374 829 1440 conferendum
854 1380 906 1440 est
928 1392 1000 1439 cum
1024 1393 1054 1438 n.
1078 1370 1145 1438 390
1167 1393 1197 1455 p.
1221 1371 1285 1436 491
1310 1372 1340 1437 R
1362 1371 1472 1436 41oL

289 1480 475 1568 lphooyog·
502 1471 584 1543 οὕτω
603 1479 803 1564 Μένανδρος,
829 1478 859 1542 οἱ
882 1475 912 1542 δ’
930 1477 1059 1562 ἀρχαῖοι
1074 1474 1247 1564 Ἀθηναῖοι
1270 1473 1472 1565 ἐπιλήσμονα

288 1585 457 1671 καλοῦσιν,
491 1575 538 1658 οἷς
561 1585 617 1649 καὶ
640 1589 799 1651 πειστέον.

386 1727 417 1773 n.
446 1705 510 1772 357
540 1727 570 1789 p.
593 1704 660 1771 475
692 1705 722 1772 R
754 1703 818 1769 381
849 1707 876 1770 h
900 1709 1077 1790 Στρηνιᾶν·
1110 1711 1211 1789 τούτῳ
1236 1700 1410 1791 ἐχρήσαντο
1443 1701 1473 1764 οἱ

291 1818 352 1900 ,τῆς
383 1817 458 1884 νέας
488 1799 658 1898 κωμωδίας
693 1816 836 1897 ποιηταί,
872 1799 990 1894 ᾧοδδ
1014 1806 1057 1876 ἂν
1087 1815 1202 1891 μανείς
1234 1833 1283 1882 τις
1310 1812 1472 1898 χρήσαιτο,

291 1919 405 2002 ,παρδν
429 1918 533 1998 λέγειν
556 1925 693 2003 τρυφᾶν.

386 2039 592 2122 Phrynichus
630 2038 732 2121 igitur
770 2057 873 2105 novae
912 2039 1098 2106 comoediae
1137 2047 1284 2105 auctores
1320 2036 1473 2102 atticislis

290 2152 401 2212 costus
425 2163 498 2213 csso
523 2150 639 2228 nogol3
663 2146 780 2226 quihus
796 2146 958 2213 neminem
981 2147 1028 2211 uti
1053 2147 1116 2212 nisi
1140 2147 1302 2212 insanum.
1341 2143 1389 2208 Nu
1405 2148 1473 2207 luni
1547 2176 1551 2183 -

288 2252 427 2333 ouillum
460 2252 574 2318 horum
612 2253 747 2320 vocibus
786 2252 898 2336 utitur,
938 2272 1010 2319 curn
1041 2253 1237 2320 vetustiores
1273 2269 1355 2332 quac
1387 2249 1473 2314 loom
1594 2259 1598 2268 ’

297 2359 428 2425 valeant
457 2358 605 2426 invenire
633 2378 697 2425 non
721 2359 839 2440 possit:
871 2379 900 2424 n.
925 2358 990 2424 362
1015 2378 1043 2440 p.
1068 2358 1134 2424 478
1158 2360 1189 2425 R
1211 2358 1276 2423 385
1301 2358 1328 2423 Ιι
1351 2350 1474 2436 Ὑπέρ-

288 2464 424 2549 .δριμνς·
457 2459 533 2528 ἐπεὶ
557 2465 740 2550 δπέρσοφος
771 2467 826 2528 καὶ
858 2466 1057 2551 ὑπέρδριμνς
1088 2465 1213 2539 ἀξιοῦσί
1241 2486 1326 2537 τινες
1359 2465 1472 2544 λέγειν.

295 2570 455 2650 λεγόντων
477 2567 540 2634 δἐἰ
561 2572 616 2634 καὶ
640 2570 672 2634 οἱ
697 2571 824 2656 ἀρχαῖοι
843 2572 899 2634 καὶ
923 2571 953 2634 οἱ
976 2572 1103 2643 δόκιμοι
1126 2573 1281 2656 λέγουσιν,
1306 2571 1337 2636 εί
1358 2570 1393 2636 δὲ
1416 2569 1471 2656 μη,

291 2672 425 2740 Ιἐώντων
448 2680 573 2763 χαίρειν
595 2679 633 2741 τδ
658 2679 865 2763 δπίρδριμνς,
889 2681 943 2747 vel
967 2677 1033 2743 250
1056 2701 1085 2763 p.
1103 2680 1214 2746 348R
1238 2679 1302 2745 285
1321 2681 1347 2745 Ιο
1364 2672 1473 2742 Ὑπό·

289 2801 406 2854 -σιασις
434 2779 547 2869 ἔργων’
576 2785 631 2847 καί
658 2793 753 2850 τοῦτο
787 2793 851 2850 τῶν
879 2783 1098 2874 ἠμελημένων,
1128 2782 1186 2849 ἐπὶ
1214 2786 1299 2850 πολι)
1323 2786 1357 2849 δὲ
1383 2785 1471 2868 παρὰ

294 2900 366 2963 τοῖς
404 2887 585 2976 ἐργολάβοις
616 2900 681 2957 τῶν
718 2889 827 2976 ἔργων.
866 2892 1035 2977 ζητοῦντες
1072 2893 1106 2956 δὲ
1139 2898 1170 2957 τί
1200 2889 1242 2956 ἂν
1270 2889 1341 2956 ἀντ’
1366 2897 1473 2955 αὐτῶν

289 2997 432 3083 ’ἀρχαῖον
454 3001 594 3084 θείημεν
617 3003 731 3079 ὄνομα,
761 3001 798 3062 οδ
824 3000 938 3086 ῥᾳδίως
961 3001 1036 3085 ἄχρι
1067 3009 1127 3063 νῦν
1156 3003 1355 3086 εὑρίσκομεν,
1386 2995 1472 3062 εἶδ’

289 3108 460 3189 εὑρεθείη,
486 3104 757 3191 ἀναγεγράηιεται.
781 3107 837 3173 cfr.
862 3128 892 3172 ιι.
917 3107 984 3173 133
1008 3120 1037 3188 p.
1063 3107 1127 3173 246
1151 3107 1181 3174 R
1206 3107 1269 3172 156
1294 3108 1331 3172 L.

387 3229 589 3296 Contrarium
604 3237 713 3298 autern
729 3233 889 3298 rationem
904 3233 1070 3300 Pollucem
1093 3241 1240 3300 secutum
1262 3251 1335 3299 csse
1359 3251 1470 3312 expos-

290 3337 411 3402 uimus.
440 3336 521 3402 Turn
536 3336 742 3420 Phrynichus
766 3357 925 3428 eosquos
948 3359 1046 3422 supra
1070 3340 1315 3408 commemoravi
1331 3339 1471 3406 Pollucis

288 3437 399 3510 :testes
422 3443 536 3510 reicit:

341 3561 558 3629 Herodotum:

386 3703 417 3748 n.
441 3683 504 3754 107
529 3705 558 3766 p.
584 3683 648 3748 207
672 3686 702 3751 R
727 3686 792 3751 130
814 3688 843 3752 L
877 3688 1022 3772 Θρίδακα
1046 3681 1214 3772 Ἡρόδοτος
1242 3685 1337 3760 ίάζων
1365 3678 1470 3767 εἶπεν,

291 3788 391 3878 ulyssis
413 3788 448 3853 δὲ
471 3791 663 3876 θριδακίνην
687 3795 728 3864 ὡς
751 3788 899 3862 Ἀττικοί,
1025 3843 1028 3850 .

386 3930 417 3976 n.
442 3909 505 3972 237
530 3931 560 3992 p.
577 3911 686 3977 338R
709 3913 776 3978 270
800 3915 827 3979 h
851 3909 1048 3977 Ἀνέκαθεν·
1073 3914 1257 3996 φυλακτέον
1281 3909 1340 3978 ἐπὶ
1355 3918 1470 3997 χρόνον

288 4017 410 4102 λέγειν,
436 4070 442 4082 .
467 4071 473 4082 .
497 4070 503 4082 .
535 4015 567 4079 εἰ
590 4017 627 4080 δέ
646 4040 694 4090 τις
718 4024 799 4105 φαίη
823 4015 881 4083 ἐπὶ
904 4026 1021 4104 χρόνον
1048 4018 1127 4106 παρ’
1143 4015 1308 4106 Ἡροδότῳ
1323 4018 1472 4106 εἰρῆσθαι

298 4129 451 4206 τοῦνομα,
485 4121 591 4211 ἀληθῆ
618 4123 680 4203 μὲν
702 4127 809 4212 φησει·
839 4125 963 4213 εἴρηται
993 4132 1061 4211 γάρ.
1085 4129 1123 4191 οὐ
1146 4126 1212 4216 μὴν
1240 4132 1285 4214 τῷ
1309 4123 1363 4211 ὑφ’
1382 4121 1471 4210 Ἡρο-

288 4231 392 4293 δότου
418 4228 568 4317 εἰρῆσθαι
583 4232 620 4293 τὸ
643 4231 775 4312 δόκιμον
795 4237 851 4318 της
874 4235 1011 4322 χρήσεως
1036 4239 1221 4318 παρέχεται,
1246 4236 1284 4298 οὐ
1302 4235 1361 4320 γὰρ
1377 4230 1471 4298 Ἰωνι-

289 4345 362 4399 κῶν
386 4337 440 4399 καὶ
464 4344 617 4418 Δωρικῶν
641 4330 781 4438 ἓξέταρίς
805 4334 892 4405 ἐστιν
917 4341 1085 4421 ὀνομάτων
1110 4335 1352 4405 ἀλλ”Αττικῶν
