3402 5066
683 425 906 488 -75-

298 605 434 669 Constat
463 603 564 684 igitur
588 604 749 668 atticistas
773 604 953 670 obtinuisse
976 605 1162 671 cathedram
1185 611 1219 671 et
1243 605 1386 672 Athenis

208 719 243 776 at
275 711 412 791 Romae,
456 710 607 776 atticistis
641 710 764 776 favisse
800 730 871 776 oum
907 716 1033 777 eeteros
1065 713 1279 793 imperatores
1316 719 1388 776 tum

209 819 354 882 Marcum
382 816 561 895 Aurelium,
594 817 809 883 atticistarum
838 817 967 883 audisse
996 817 1256 884 declamationes.
1302 818 1388 882 Num

209 932 304 1005 putas
341 924 484 989 hlarcum
516 923 684 988 Aurelium
716 923 879 989 Hadriano
916 925 1095 1005 fauturum,
1134 925 1392 992 declamationes

209 1032 362 1112 visurum,
388 1029 563 1096 cathedrae
587 1047 659 1094 eum
683 1029 923 1110 praefecturam
947 1029 1059 1113 fnisse,
1084 1033 1112 1096 si
1136 1032 1247 1097 rhetor
1270 1030 1391 1096 inisset

211 1136 362 1202 asianus?

258 1313 286 1380 5.
322 1315 380 1380 De
404 1313 614 1379 Hadriani
639 1314 746 1394 apud
771 1315 1044 1395 posteriores
1069 1317 1344 1404 aneto-ritate.

303 1439 501 1504 Hadrianum
527 1457 651 1503 summa
675 1439 867 1504 auctoritate
884 1439 968 1520 apud
990 1440 1218 1506 adulescentes
1242 1437 1394 1505 floruisse

213 1548 277 1612 iam
302 1547 440 1610 diximus
464 1543 514 1624 (V.
540 1543 569 1609 S.
593 1544 627 1608 Π
652 1545 704 1626 10,
729 1543 774 1626 4),
799 1545 875 1624 quin
899 1547 996 1611 etiam
1017 1547 1236 1614 Athenienses
1260 1564 1332 1612 eum
1356 1547 1391 1611 in

214 1654 379 1718 civitatem
405 1653 627 1732 ascripserunt
646 1651 694 1730 (V.
712 1649 742 1716 S.
758 1650 795 1714 II
813 1652 863 1734 10,
890 1651 932 1736 8),
958 1653 1041 1732 quod
1067 1653 1188 1734 dubito,
1213 1673 1256 1720 an
1279 1653 1394 1718 asiano

214 1779 277 1825 uon
301 1759 483 1840 eontigerit.

303 1866 452 1945 Denique
484 1883 546 1929 non
576 1865 669 1944 parvi
693 1867 846 1930 momenti
870 1872 930 1947 est,
963 1866 1046 1944 quod
1072 1865 1227 1932 Libanius
1251 1864 1393 1931 omriium

214 1974 267 2039 IV.
288 1992 312 2038 s.
333 1972 548 2037 atticistarnm
570 1972 795 2038 severissimus
806 1970 841 2055 1),
867 1991 1058 2052 quamquem
1079 1991 1185 2052 neque
1201 1973 1393 2040 Alexandri·

214 2099 327 2145 norum
365 2097 470 2160 neque
504 2079 721 2158 sophistarum
752 2079 785 2143 ΙΙ
817 2097 848 2158 p.
873 2081 946 2144 Chr.
977 2099 1007 2144 n.
1040 2081 1161 2147 saeculi
1196 2080 1394 2146 mentionem
1498 2132 1500 2136 .

215 2184 337 2269 facim),
363 2193 469 2250 tamen
496 2204 559 2249 non
584 2186 685 2250 solum
704 2185 882 2278 Aristidem
906 2186 1028 2269 laudat,
1052 2187 1111 2252 sed
1135 2187 1233 2252 etiam
1256 2187 1398 2251 Hadria-

214 2312 300 2376 num,
325 2294 416 2358 euius
441 2293 602 2358 orationes
628 2292 808 2357 aPalladio
833 2293 896 2358 sibi
920 2293 1005 2358 mitti
1024 2294 1094 2358 vult
1117 2294 1150 2357 in
1175 2293 1267 2373 epist.
1286 2291 1398 2376 5463)..

215 2401 320 2464 'lanta
348 2399 507 2465 Hadriani
538 2398 623 2480 apud
654 2400 851 2479 posteriores
882 2400 963 2482 laus,
996 2407 1087 2464 tanta
1120 2400 1189 2466 eius
1217 2400 1397 2465 auotoritas-

215 2503 328 2588 erat⁴)‚
352 2514 389 2571 ut
411 2505 547 2570 aliorum
575 2505 793 2586 sophistarum
818 2506 947 2571 saecula
971 2506 1264 2571 determinarentur
1280 2524 1393 2572 secun·

216 2613 291 2678 dum
323 2612 484 2677 Hadriani
518 2613 634 2692 vitam,
675 2613 768 2679 velut
802 2613 935 2693 Aspasii
969 2613 1077 2694 Byblii
1113 2610 1245 2695 (Suidas
1280 2631 1304 2678 s.
1339 2609 1396 2696 u),

217 2719 413 2787 Onomarehi
436 2719 487 2796 (V.
512 2718 543 2783 S.
566 2718 600 2783 II
625 2718 677 2801 18,
703 2720 745 2801 1),
777 2719 904 2784 Chresti
930 2716 980 2803 (Vt
1005 2719 1035 2784 8.
1060 2719 1094 2784 II
1119 2719 1170 2801 11,
1196 2722 1239 2802 1),
1263 2719 1397 2785 Aeliani

217 2825 347 2904 (Surdas
370 2846 395 2892 s.
419 2823 499 2909 v.)⁵).

306 2935 493 3016 Praeterea,
511 2951 582 2998 eum
596 2952 691 3014 quam
707 2951 822 3000 severe
838 2933 1033 3013 posteriores
1050 2951 1232 3000 sermonem
1246 2933 1396 2998 Atticum

221 3042 380 3106 coluerint
411 3041 465 3106 vel
499 3041 604 3106 colere
636 3040 797 3106 voluerint
828 3041 908 3106 satis
939 3035 1110 3123 constetll,
1148 3039 1297 3120 equidem
1329 3057 1397 3104 non

218 3148 340 3229 dubito,
365 3147 442 3227 quin
466 3147 717 3213 declamationes
734 3147 893 3212 Hadriani
917 3165 955 3214 ea
975 3147 1112 3212 maxime
1128 3163 1227 3212 eausa
1243 3151 1399 3212 servatae

217 3256 293 3335 sint,
326 3253 411 3333 quod
443 3273 462 3318 a
497 3253 730 3334 posterioribus
759 3273 837 3321 vere
865 3255 1005 3336 Atticae,
1039 3254 1102 3320 etsi
1134 3271 1199 3318 non
1229 3258 1323 3321 erant
1349 3287 1395 3299 -

216 3381 291 3426 nam
322 3361 394 3442 quis
427 3368 596 3427 assecutus
627 3371 678 3425 est
709 3378 890 3426 sermonem
921 3379 999 3427 vere
1026 3359 1192 3426 Atticum?
1218 3364 1399 3425 -tamen

215 3466 459 3551 hebetantem).

307 3646 326 3712 ¹)
344 3643 541 3708 Wilamowitz,
561 3645 678 3694 Hermes
696 3645 807 3696 XXXV
825 3661 851 3710 p.
875 3645 915 3696 10.

306 3733 328 3792 ²)
349 3734 468 3798 Sievers,
488 3733 546 3784 Das
565 3732 659 3784 Lebeu
681 3732 729 3784 des
748 3732 884 3784 Libanius
905 3734 974 3785 1868
993 3751 1019 3801 p.
1041 3734 1081 3784 11.

307 3819 330 3889 ³)
349 3821 461 3875 Libenii
481 3822 626 3889 sophistae
644 3820 783 3888 epistulae
802 3822 836 3872 ed
855 3823 881 3876 J.
903 3823 966 3874 Chr.
986 3822 1078 3873 Wolff
1096 3823 1172 3874 1738.

304 3911 328 3979 ⁴)
347 3912 455 3976 Rohde‚
474 3911 584 3963 Roman
604 3927 630 3977 p.
650 3912 701 3961 ’291
722 3927 748 3962 n.
773 3913 794 3974 1,
813 3912 866 3962 298
885 3928 912 3965 n.
932 3913 958 3976 2,
977 3913 1029 3963 818
1048 3928 1076 3963 n.
1099 3915 1122 3964 1.

305 4001 327 4068 ὖ)
347 4001 435 4052 Recte
466 3999 555 4065 igitur
589 4000 622 4051 de
650 4001 705 4050 hoe
739 4001 801 4051 loeo
829 4001 889 4065 egit
917 4001 1038 4066 Sohund,
1067 4001 1125 4052 Der
1153 3998 1321 4051 Atticismus
1349 3998 1399 4048 ΠΕ

216 4107 243 4157 p.
266 4092 279 4140 l
300 4107 326 4140 n.
348 4092 372 4142 1.

306 4177 328 4247 θ)
346 4178 516 4231 Doetissime
536 4179 568 4228 de
589 4180 643 4229 hae
661 4194 692 4229 re
711 4177 825 4229 disserit
842 4179 877 4232 K.
896 4180 1099 4244 Krumbaeher,
1121 4180 1179 4231 Das
1193 4178 1326 4229 Problem
1344 4175 1403 4226 der

217 4268 467 4336 neugrieehisohen
486 4266 714 4334 Schriftspraehe
736 4267 804 4318 1908
823 4269 936 4334 passim.

307 4355 329 4424 ⁷)
348 4359 397 4413 cfr.
417 4357 675 4421 Wilarnowitzium,
695 4357 813 4408 Hermes
832 4357 942 4411 XXXV
961 4375 990 4426 p.
1010 4361 1053 4410 11.
