3402 5066
786 442 999 506 .-33-

392 623 473 688 Tum
489 623 681 704 Apohonius
703 623 775 704 ipse
797 622 1055 705 reprehenditur,
1074 623 1156 702 quod
1180 623 1316 690 modulis
1338 625 1480 705 poeticis

301 747 379 794 usus
411 729 464 810 sit,
493 747 565 795 cum
592 728 779 795 Hadrianus
807 728 859 794 his
882 729 973 796 vitiis
1003 730 1144 796 caruerit
1167 727 1213 813 (V.
1238 729 1269 796 S.
1293 730 1328 795 II
1352 729 1405 808 20,
1430 729 1475 815 3),

246 923 247 926 ¹
302 835 389 900 ntis
417 835 489 917 ipse
513 835 566 915 qui
590 836 778 902 cathedram
811 835 1021 917 sophisticam
1053 837 1202 918 obtinuit,
1235 838 1478 924 uspoonpanc,

301 941 330 1006 is
354 941 409 1020 qui
431 941 607 1025 politicam,
629 941 878 1026 διθυραμβώδης
901 942 945 1008 sit
967 942 1190 1024 appehaudus.

392 1046 482 1129 Quae
499 1067 570 1113 eum
585 1049 633 1113 ita
649 1049 725 1130 siut,
749 1049 830 1114 duas
845 1048 921 1114 illas
937 1049 1110 1115 cathedras
1133 1067 1197 1114 non
1214 1049 1394 1118 elocutione
1417 1051 1477 1117 sed

302 1155 439 1220 materie
460 1155 548 1220 inter
571 1171 607 1220 se
631 1153 764 1221 differre
787 1161 930 1235 apparet.

392 1261 442 1327 lle
458 1265 633 1341 tempore
657 1261 864 1340 quocondita
886 1261 930 1326 sit
945 1262 1085 1327 Athenis
1109 1261 1264 1328 cathedra
1287 1263 1477 1346 sophistica,

302 1369 434 1433 obstant
456 1367 544 1432 inter
567 1384 603 1432 se
627 1372 780 1447 quattuor
802 1367 961 1448 imprimis
984 1368 1183 1434 testimonia:

393 1471 426 1557 1)
449 1473 610 1550 Spartiaui
634 1473 826 1540 Hadrianus.
851 1493 921 1555 cap.
947 1473 1002 1540 16:

348 1598 552 1647 ...omnes
580 1581 780 1662 professores
802 1585 843 1666 ot
873 1578 1045 1649 honoravit
1072 1586 1106 1647 et
1136 1583 1254 1650 divites
1281 1583 1370 1667 iecit,
1398 1584 1479 1650 licet

303 1705 358 1753 eos
382 1687 625 1767 quaestionibus
649 1705 779 1769 semper
802 1688 985 1771 agitaverit.

395 1793 426 1874 2)
452 1793 625 1875 Capitolini
647 1795 831 1860 Antoninus
855 1795 942 1860 Pius.
967 1814 1034 1876 cap.
1059 1795 1114 1857 11:

343 1901 537 1967 'rhetoribus
562 1908 596 1966 et
618 1901 819 1983 philosophis
848 1920 906 1984 per
933 1921 1044 1968 omues
1071 1903 1254 1983 provincias
1283 1911 1317 1968 et
1339 1904 1479 1971 honores

349 2012 382 2072 et
406 2008 525 2073 salaria
549 2007 673 2073 detulit.
1371 2017 1376 2026 ’

394 2112 427 2197 3)
451 2115 642 2179 Philostrati
665 2115 761 2181 Vitae
785 2115 1011 2196 sophistarum.
1036 2116 1052 2180 Ι
1076 2114 1128 2198 23,
1154 2117 1189 2181 l:

351 2210 531 2286 Λολλιανός
562 2209 612 2279 δ’ὁ
639 2211 785 2298 Ἐφέσιος
817 2214 961 2302 προῦστη
991 2215 1054 2296 μὲν
1088 2226 1146 2280 τοῦ
1177 2213 1324 2305 Ἀθήνησι
1353 2215 1478 2305 θρόνου

349 2333 484 2408 πρῶτος.

394 2433 426 2512 4)
450 2432 642 2497 Philostrati
665 2431 703 2497 V.
727 2429 758 2496 S.
781 2430 816 2496 Π
840 2429 870 2514 2,
896 2432 931 2498 1;

350 2534 495 2621 προῦστη
511 2536 546 2600 δὲ
565 2539 620 2618 (sc.
648 2533 816 2615 Θεόδοτος)
835 2540 961 2623 καὶτῆς
977 2534 1162 2623 Ἀθηναίων
1178 2536 1328 2624 νεότητος
1350 2549 1479 2624 πρῶτος

350 2637 408 2706 int
431 2651 503 2714 ταῖς
525 2638 560 2704 ἐκ
583 2643 737 2724 βασιλέως
758 2646 889 2728 μυρίαις
911 2643 975 2708 κτλ.

396 2751 504 2816 Variis
527 2751 689 2817 variorum
718 2751 890 2817 sententiis
918 2751 1056 2834 omissis,
1085 2755 1140 2832 qui
1167 2760 1364 2836 quantopere
1391 2756 1480 2821 inter

305 2877 341 2924 se
360 2857 557 2924 dissentiant
579 2876 672 2924 nemo
689 2859 804 2940 nescit,
828 2858 990 2939 proferam
1006 2878 1113 2924 meum
1129 2861 1170 2926 de
1186 2860 1247 2926 hae
1263 2880 1298 2927 re
1314 2862 1478 2928 iudicium.

305 3036 381 3088 velut
401 3036 433 3086 11
458 3037 501 3098 10,
525 3035 543 3084 4
566 3033 737 3098 Hadrianus,
765 3035 795 3084 II
820 3035 863 3099 20,
891 3037 904 3084 1
929 3035 1098 3101 Apollonius
1122 3036 1312 3102 Atheniensis,
1341 3037 1478 3089 Aelianus

304 3123 418 3190 (Suidas
438 3139 460 3178 e.
480 3118 676 3189 ν.Αἰ1ιανός),
696 3121 789 3175 Julius
809 3123 943 3176 Vestinus
963 3124 1067 3188 (Pauly
1085 3124 1125 3176 VI
1143 3125 1233 3194 2522).

394 3211 500 3263 Deinde
519 3210 704 3276 magistratus
724 3211 923 3279 suscipiebant,
942 3214 1021 3264 velut
1034 3217 1239 3268 consulatumI
1258 3217 1357 3281 25,18,
1377 3219 1478 3283 1Ι1,3

304 3301 431 3353 Herodes
451 3299 574 3366 Atticus,
593 3300 631 3366 lI,
651 3301 667 3350 6
688 3300 850 3369 Oodration,
869 3303 900 3352 11
919 3303 961 3366 24,
981 3302 1170 3370 2Antipater,
1189 3311 1350 3371 praeturam
1369 3307 1383 3357 I
1402 3307 1475 3370 23,1

304 3389 459 3455 Lollianus,
484 3389 516 3440 II
542 3389 566 3453 1,
595 3391 610 3441 7
636 3389 770 3454 Herodes,
798 3391 829 3441 11
854 3391 880 3454 2,
906 3392 920 3440 1
945 3391 1115 3457 Theodotos,
1143 3395 1174 3444 II
1196 3394 1239 3456 20,
1266 3395 1280 3443 1
1309 3394 1479 3460 Apollonius

304 3478 494 3543 Atheniensis,
518 3478 685 3530 comestoris
710 3485 738 3530 et
762 3479 900 3531 curatoris
924 3481 1033 3531 muneri
1056 3488 1217 3549 praeerant,
1242 3484 1320 3533 velut
1342 3484 1381 3550 11,
1411 3486 1435 3549 1,
1459 3486 1477 3536 4

304 3567 440 3633 Herodes,
459 3565 487 3620 II
506 3567 548 3631 32,
568 3568 583 3616 1
603 3567 782 3622 Heliodorus.

395 3654 471 3717 Quin
494 3655 579 3706 etiam
598 3655 761 3722 saepissime
785 3673 885 3708 caueae
913 3663 941 3709 et
964 3675 1029 3710 suaa
1049 3665 1078 3710 et
1102 3660 1221 3710 aliorum
1245 3661 1375 3726 agebant,
1399 3665 1478 3714 velut

304 3747 318 3797 I
339 3745 381 3810 19,
399 3746 416 3795 2
436 3760 496 3810 sqq.
515 3743 636 3809 Nicetes,
655 3745 731 3810 121,
751 3747 782 3817 ⁶3
810 3747 854 3812 21,
874 3747 908 3798 10
932 3748 1122 3815 Scopeliauus,
1147 3750 1224 3814 122,
1244 3751 1260 3800 6
1279 3749 1442 3816 Dionysius,
1461 3753 1476 3802 I

304 3835 348 3898 22,
367 3834 397 3899 6,
417 3834 460 3898 25,
480 3834 512 3883 19
532 3834 657 3899 Polem0,
677 3833 707 3885 II
726 3835 768 3901 10,
782 3837 798 3886 6
811 3835 982 3902 Hadrianus,
1001 3838 1032 3888 11
1051 3838 1095 3904 25,
1116 3841 1130 3889 1
1149 3837 1341 3904 Ptolomaeus,
1360 3839 1478 3904 1123,3

304 3922 469 3988 Damianus,
488 3921 580 3987 11³2,
600 3923 616 3972 3
635 3922 816 3990 Heliodorus,
833 3925 865 3975 II
883 3925 927 3991 33,
945 3927 963 3976 4
981 3926 1172 3978 Philostratus
1191 3927 1333 3979 Lemnius.
1435 3939 1438 3943 ·

394 4013 495 4078 Itaque
518 4010 579 4063 fieri
607 4028 666 4064 non
690 4017 798 4080 potest,
824 4014 891 4078 quin
920 4015 1113 4080 Francogallis
1141 4016 1342 4081 assentiamur,
1371 4017 1419 4083 qui
1443 4018 1478 4070 de

305 4099 441 4167 sophistis
454 4101 543 4151 multo
554 4100 672 4165 aequius
685 4108 715 4153 et
726 4102 831 4155 rectius
842 4110 932 4170 agunt
945 4121 1028 4170 quam
1038 4112 1189 4177 nostrates,
1195 4107 1275 4158 velut
1284 4105 1475 4171 Waddington

305 4189 439 4241 Memoire
464 4189 497 4240 de
516 4188 651 4242 l’institut
673 4191 801 4258 imperial
819 4193 916 4246 XXVI
936 4195 1004 4245 1867
1024 4211 1051 4262 p.
1071 4195 1131 4261 258,
1155 4194 1281 4246 Boissier
1306 4196 1403 4246 Revue
1427 4195 1477 4247 des

305 4277 378 4329 deux
387 4278 503 4330 mandes
515 4277 600 4330 LXII
616 4280 685 4331 1884
694 4297 720 4346 p.
734 4281 787 4332 316
803 4297 872 4348 sqq,
892 4282 1003 4335 Oroisst
1016 4283 1141 4336 Histoire
1156 4284 1189 4335 de
1202 4285 1230 4334 la
1242 4283 1284 4339 lit.
1299 4301 1341 4349 gr.
1355 4284 1387 4337 V.
1408 4285 1479 4336 1899

304 4383 331 4433 p.
350 4367 402 4418 568
422 4382 463 4432 sq.
483 4372 512 4419 et
530 4367 579 4419 uni
597 4367 734 4421 Mitteieio
753 4369 939 4423 Reichsrecht
957 4374 1014 4424 und
1028 4374 1197 4426 Volksrecht
1216 4374 1284 4424 1891
1303 4391 1331 4440 p.
1351 4374 1403 4426 189
1416 4389 1478 4440 sqq.
