<?xml version="1.0" encoding="UTF-8"?>
<!DOCTYPE html PUBLIC "-//W3C//DTD XHTML 1.0 Transitional//EN"
    "http://www.w3.org/TR/xhtml1/DTD/xhtml1-transitional.dtd">
<html xmlns="http://www.w3.org/1999/xhtml" xml:lang="en" lang="en">
 <head>
  <title>
</title>
<meta http-equiv="Content-Type" content="text/html;charset=utf-8" />
  <meta name='ocr-system' content='tesseract 3.04.00' />
  <meta name='ocr-capabilities' content='ocr_page ocr_carea ocr_par ocr_line ocrx_word'/>
</head>
<body>
  <div class='ocr_page' id='page_1' title='image "./depollucisetphr00naecgoog_0089.png"; bbox 0 0 3402 5066; ppageno 0'>
   <div class='ocr_carea' id='block_1_1' title="bbox 799 424 1010 486">
    <p class='ocr_par' dir='ltr' id='par_1_1' title="bbox 799 424 1010 486">
     <span class='ocr_line' id='line_1_1' title="bbox 799 424 1010 486; baseline -0.005 -18"><span class='ocrx_word' id='word_1_1' title='bbox 799 424 1010 486; x_wconf 67' lang='grc'>,76-</span> 
     </span>
    </p>
   </div>
   <div class='ocr_carea' id='block_1_2' title="bbox 303 601 1488 1110">
    <p class='ocr_par' dir='ltr' id='par_1_2' title="bbox 303 601 1488 1110">
     <span class='ocr_line' id='line_1_2' title="bbox 401 601 1488 682; baseline -0.002 -16"><span class='ocrx_word' id='word_1_2' title='bbox 401 603 462 667; x_wconf 91' lang='lat' dir='ltr'>His</span> <span class='ocrx_word' id='word_1_3' title='bbox 480 603 579 668; x_wconf 88' lang='lat' dir='ltr'>certis</span> <span class='ocrx_word' id='word_1_4' title='bbox 597 621 678 681; x_wconf 84' lang='lat' dir='ltr'>qrrae</span> <span class='ocrx_word' id='word_1_5' title='bbox 696 602 789 667; x_wconf 89' lang='lat' dir='ltr'>attuli</span> <span class='ocrx_word' id='word_1_6' title='bbox 807 603 1006 682; x_wconf 81' lang='lat' dir='ltr'>argumentis</span> <span class='ocrx_word' id='word_1_7' title='bbox 1023 603 1118 681; x_wconf 90' lang='lat' dir='ltr'>plane</span> <span class='ocrx_word' id='word_1_8' title='bbox 1136 608 1271 682; x_wconf 88' lang='lat' dir='ltr'>apparet</span> <span class='ocrx_word' id='word_1_9' title='bbox 1287 601 1488 665; x_wconf 82' lang='lat' dir='ltr'>Hadrianum</span> 
     </span>
     <span class='ocr_line' id='line_1_3' title="bbox 304 707 1486 789; baseline -0.001 -17"><span class='ocrx_word' id='word_1_10' title='bbox 304 707 412 774; x_wconf 55' lang='lat' dir='ltr'>‘tuisse</span> <span class='ocrx_word' id='word_1_11' title='bbox 448 727 511 773; x_wconf 90' lang='lat' dir='ltr'>non</span> <span class='ocrx_word' id='word_1_12' title='bbox 543 708 644 774; x_wconf 90' lang='lat' dir='ltr'>solum</span> <span class='ocrx_word' id='word_1_13' title='bbox 677 709 869 789; x_wconf 73' lang='lat' dir='ltr'>admistam,</span> <span class='ocrx_word' id='word_1_14' title='bbox 903 708 959 772; x_wconf 88' lang='lat' dir='ltr'>sed</span> <span class='ocrx_word' id='word_1_15' title='bbox 991 708 1206 772; x_wconf 87' lang='lat' dir='ltr'>atticistarum</span> <span class='ocrx_word' id='word_1_16' title='bbox 1232 708 1486 786; x_wconf 89' lang='lat' dir='ltr'>celeberrimum,</span> 
     </span>
     <span class='ocr_line' id='line_1_4' title="bbox 309 813 1486 894; baseline -0.003 -15"><span class='ocrx_word' id='word_1_17' title='bbox 309 815 425 879; x_wconf 84' lang='lat' dir='ltr'>falsam</span> <span class='ocrx_word' id='word_1_18' title='bbox 466 821 574 880; x_wconf 91' lang='lat' dir='ltr'>autem</span> <span class='ocrx_word' id='word_1_19' title='bbox 615 834 723 880; x_wconf 90' lang='lat' dir='ltr'>eorum</span> <span class='ocrx_word' id='word_1_20' title='bbox 760 833 832 880; x_wconf 88' lang='lat' dir='ltr'>esse</span> <span class='ocrx_word' id='word_1_21' title='bbox 868 815 1062 880; x_wconf 81' lang='lat' dir='ltr'>sententiam</span> <span class='ocrx_word' id='word_1_22' title='bbox 1096 833 1157 879; x_wconf 90' lang='lat' dir='ltr'>non</span> <span class='ocrx_word' id='word_1_23' title='bbox 1194 815 1394 894; x_wconf 75' lang='lat' dir='ltr'>argumentis</span> <span class='ocrx_word' id='word_1_24' title='bbox 1430 813 1486 879; x_wconf 88' lang='lat' dir='ltr'>sed</span> 
     </span>
     <span class='ocr_line' id='line_1_5' title="bbox 303 920 1487 1003; baseline -0.002 -17"><span class='ocrx_word' id='word_1_25' title='bbox 303 921 515 1003; x_wconf 66' lang='lat' dir='ltr'>opinionibus</span> <span class='ocrx_word' id='word_1_26' title='bbox 547 921 669 996; x_wconf 88' lang='lat' dir='ltr'>inltam,</span> <span class='ocrx_word' id='word_1_27' title='bbox 702 921 755 999; x_wconf 88' lang='lat' dir='ltr'>qui</span> <span class='ocrx_word' id='word_1_28' title='bbox 785 921 999 986; x_wconf 85' lang='lat' dir='ltr'>atticistarum</span> <span class='ocrx_word' id='word_1_29' title='bbox 1031 921 1184 1001; x_wconf 89' lang='lat' dir='ltr'>optimum</span> <span class='ocrx_word' id='word_1_30' title='bbox 1216 921 1383 1001; x_wconf 90' lang='lat' dir='ltr'>appellant</span> <span class='ocrx_word' id='word_1_31' title='bbox 1409 920 1487 1001; x_wconf 89' lang='lat' dir='ltr'>„das</span> 
     </span>
     <span class='ocr_line' id='line_1_6' title="bbox 307 1027 1244 1110; baseline -0.003 -18"><span class='ocrx_word' id='word_1_32' title='bbox 307 1029 422 1094; x_wconf 89' lang='lat' dir='ltr'>rechte</span> <span class='ocrx_word' id='word_1_33' title='bbox 446 1028 562 1094; x_wconf 90' lang='lat' dir='ltr'>Urbild</span> <span class='ocrx_word' id='word_1_34' title='bbox 586 1029 676 1094; x_wconf 87' lang='lat' dir='ltr'>eines</span> <span class='ocrx_word' id='word_1_35' title='bbox 701 1027 873 1108; x_wconf 85' lang='lat' dir='ltr'>Sophisten</span> <span class='ocrx_word' id='word_1_36' title='bbox 900 1028 1100 1093; x_wconf 87' lang='lat' dir='ltr'>asianischer</span> <span class='ocrx_word' id='word_1_37' title='bbox 1125 1027 1244 1110; x_wconf 83' lang='lat' dir='ltr'>Art“¹).</span> 
     </span>
    </p>
   </div>
   <div class='ocr_carea' id='block_1_3' title="bbox 483 1265 1311 1349">
    <p class='ocr_par' dir='ltr' id='par_1_3' title="bbox 483 1265 1311 1349">
     <span class='ocr_line' id='line_1_7' title="bbox 483 1265 1311 1349; baseline -0.002 -17"><span class='ocrx_word' id='word_1_38' title='bbox 483 1267 505 1349; x_wconf 57' lang='grc' dir='ltr'>ὅ</span> <span class='ocrx_word' id='word_1_39' title='bbox 529 1266 561 1332; x_wconf 85' lang='grc'>3.</span> <span class='ocrx_word' id='word_1_40' title='bbox 608 1267 660 1332; x_wconf 81' lang='lat' dir='ltr'>Ile</span> <span class='ocrx_word' id='word_1_41' title='bbox 685 1267 794 1333; x_wconf 81' lang='lat' dir='ltr'>sectis</span> <span class='ocrx_word' id='word_1_42' title='bbox 821 1265 1035 1349; x_wconf 81' lang='lat' dir='ltr'>quibusdam</span> <span class='ocrx_word' id='word_1_43' title='bbox 1058 1267 1311 1330; x_wconf 83' lang='lat' dir='ltr'>atticistarum.</span> 
     </span>
    </p>
   </div>
   <div class='ocr_carea' id='block_1_4' title="bbox 370 1417 1426 1497">
    <p class='ocr_par' dir='ltr' id='par_1_4' title="bbox 370 1417 1426 1497">
     <span class='ocr_line' id='line_1_8' title="bbox 370 1417 1426 1497; baseline -0.002 -14"><span class='ocrx_word' id='word_1_44' title='bbox 370 1421 399 1484; x_wconf 90' lang='lat'>1.</span> <span class='ocrx_word' id='word_1_45' title='bbox 433 1420 491 1483; x_wconf 93' lang='lat' dir='ltr'>De</span> <span class='ocrx_word' id='word_1_46' title='bbox 516 1418 818 1483; x_wconf 87' lang='lat' dir='ltr'>atticistarum</span> <span class='ocrx_word' id='word_1_47' title='bbox 842 1418 876 1482; x_wconf 90' lang='grc' dir='ltr'>ΙΙ</span> <span class='ocrx_word' id='word_1_48' title='bbox 900 1438 928 1497; x_wconf 93' lang='lat' dir='ltr'>p.</span> <span class='ocrx_word' id='word_1_49' title='bbox 953 1417 1042 1482; x_wconf 80' lang='lat' dir='ltr'>Chr.</span> <span class='ocrx_word' id='word_1_50' title='bbox 1066 1438 1095 1482; x_wconf 94' lang='lat' dir='ltr'>n.</span> <span class='ocrx_word' id='word_1_51' title='bbox 1120 1437 1144 1484; x_wconf 90' lang='lat' dir='ltr'>s.</span> <span class='ocrx_word' id='word_1_52' title='bbox 1169 1418 1426 1484; x_wconf 91' lang='lat' dir='ltr'>elocutione.</span> 
     </span>
    </p>
   </div>
   <div class='ocr_carea' id='block_1_5' title="bbox 294 1577 1486 3475">
    <p class='ocr_par' dir='ltr' id='par_1_5' title="bbox 296 1577 1486 3154">
     <span class='ocr_line' id='line_1_9' title="bbox 398 1577 1485 1660; baseline 0 -18"><span class='ocrx_word' id='word_1_53' title='bbox 398 1578 600 1644; x_wconf 88' lang='lat' dir='ltr'>Hadrianum</span> <span class='ocrx_word' id='word_1_54' title='bbox 617 1579 793 1644; x_wconf 91' lang='lat' dir='ltr'>atticistam</span> <span class='ocrx_word' id='word_1_55' title='bbox 805 1578 907 1644; x_wconf 87' lang='lat' dir='ltr'>fuisse</span> <span class='ocrx_word' id='word_1_56' title='bbox 920 1581 984 1643; x_wconf 91' lang='lat' dir='ltr'>iam</span> <span class='ocrx_word' id='word_1_57' title='bbox 997 1579 1224 1644; x_wconf 84' lang='lat' dir='ltr'>intelleximus.</span> <span class='ocrx_word' id='word_1_58' title='bbox 1248 1577 1328 1643; x_wconf 91' lang='lat' dir='ltr'>Inde</span> <span class='ocrx_word' id='word_1_59' title='bbox 1339 1583 1485 1660; x_wconf 89' lang='lat' dir='ltr'>apparet,</span> 
     </span>
     <span class='ocr_line' id='line_1_10' title="bbox 309 1685 1486 1767; baseline -0.002 -17"><span class='ocrx_word' id='word_1_60' title='bbox 309 1686 394 1766; x_wconf 89' lang='lat' dir='ltr'>quod</span> <span class='ocrx_word' id='word_1_61' title='bbox 423 1687 650 1767; x_wconf 80' lang='lat' dir='ltr'>gravissimum</span> <span class='ocrx_word' id='word_1_62' title='bbox 680 1691 730 1751; x_wconf 90' lang='lat' dir='ltr'>est</span> <span class='ocrx_word' id='word_1_63' title='bbox 758 1687 797 1750; x_wconf 91' lang='lat' dir='ltr'>ad</span> <span class='ocrx_word' id='word_1_64' title='bbox 823 1693 985 1752; x_wconf 89' lang='lat' dir='ltr'>certamen</span> <span class='ocrx_word' id='word_1_65' title='bbox 1010 1687 1087 1750; x_wconf 89' lang='lat' dir='ltr'>illud</span> <span class='ocrx_word' id='word_1_66' title='bbox 1113 1686 1392 1767; x_wconf 82' lang='lat' dir='ltr'>grammaticorum</span> <span class='ocrx_word' id='word_1_67' title='bbox 1418 1685 1486 1748; x_wconf 88' lang='lat' dir='ltr'>dis-</span> 
     </span>
     <span class='ocr_line' id='line_1_11' title="bbox 300 1790 1484 1875; baseline -0.003 -18"><span class='ocrx_word' id='word_1_68' title='bbox 300 1792 512 1872; x_wconf 82' lang='lat' dir='ltr'>ceptandum,</span> <span class='ocrx_word' id='word_1_69' title='bbox 537 1790 713 1875; x_wconf 80' lang='grc' dir='ltr'><em>,γοργιάζειν</em></span> <span class='ocrx_word' id='word_1_70' title='bbox 737 1799 769 1858; x_wconf 87' lang='lat' dir='ltr'>et</span> <span class='ocrx_word' id='word_1_71' title='bbox 799 1790 968 1864; x_wconf 77' lang='grc' dir='ltr'><em>ἱππιάζειν</em></span> <span class='ocrx_word' id='word_1_72' title='bbox 999 1793 1157 1857; x_wconf 90' lang='lat' dir='ltr'>sermonis</span> <span class='ocrx_word' id='word_1_73' title='bbox 1186 1792 1289 1857; x_wconf 87' lang='lat' dir='ltr'>asiani</span> <span class='ocrx_word' id='word_1_74' title='bbox 1321 1791 1484 1871; x_wconf 88' lang='lat' dir='ltr'>proprium</span> 
     </span>
     <span class='ocr_line' id='line_1_12' title="bbox 309 1899 1484 1964; baseline -0.002 -1"><span class='ocrx_word' id='word_1_75' title='bbox 309 1918 373 1964; x_wconf 91' lang='lat' dir='ltr'>non</span> <span class='ocrx_word' id='word_1_76' title='bbox 405 1918 485 1964; x_wconf 88' lang='lat' dir='ltr'>esse.</span> <span class='ocrx_word' id='word_1_77' title='bbox 532 1899 612 1964; x_wconf 82' lang='lat' dir='ltr'>Nam</span> <span class='ocrx_word' id='word_1_78' title='bbox 644 1906 680 1964; x_wconf 93' lang='lat' dir='ltr'>ut</span> <span class='ocrx_word' id='word_1_79' title='bbox 713 1899 752 1964; x_wconf 91' lang='lat' dir='ltr'>de</span> <span class='ocrx_word' id='word_1_80' title='bbox 777 1900 934 1964; x_wconf 78' lang='lat' dir='ltr'>electione</span> <span class='ocrx_word' id='word_1_81' title='bbox 959 1902 1128 1964; x_wconf 84' lang='lat' dir='ltr'>verborum</span> <span class='ocrx_word' id='word_1_82' title='bbox 1154 1900 1317 1964; x_wconf 83' lang='lat' dir='ltr'>atticistae</span> <span class='ocrx_word' id='word_1_83' title='bbox 1340 1899 1425 1962; x_wconf 92' lang='lat' dir='ltr'>inter</span> <span class='ocrx_word' id='word_1_84' title='bbox 1449 1915 1484 1962; x_wconf 91' lang='lat' dir='ltr'>se</span> 
     </span>
     <span class='ocr_line' id='line_1_13' title="bbox 309 2005 1485 2087; baseline -0.002 -18"><span class='ocrx_word' id='word_1_85' title='bbox 309 2007 507 2087; x_wconf 82' lang='lat' dir='ltr'>pugnabant,</span> <span class='ocrx_word' id='word_1_86' title='bbox 540 2005 586 2069; x_wconf 89' lang='lat' dir='ltr'>ita</span> <span class='ocrx_word' id='word_1_87' title='bbox 614 2006 647 2070; x_wconf 93' lang='lat' dir='ltr'>in</span> <span class='ocrx_word' id='word_1_88' title='bbox 678 2007 908 2085; x_wconf 86' lang='lat' dir='ltr'>compositione</span> <span class='ocrx_word' id='word_1_89' title='bbox 937 2007 1020 2070; x_wconf 91' lang='lat' dir='ltr'>alius</span> <span class='ocrx_word' id='word_1_90' title='bbox 1044 2007 1141 2070; x_wconf 90' lang='lat' dir='ltr'>alium</span> <span class='ocrx_word' id='word_1_91' title='bbox 1164 2007 1361 2087; x_wconf 84' lang='lat' dir='ltr'>imitabatur,</span> <span class='ocrx_word' id='word_1_92' title='bbox 1394 2006 1485 2070; x_wconf 81' lang='lat' dir='ltr'>uelut</span> 
     </span>
     <span class='ocr_line' id='line_1_14' title="bbox 308 2109 1485 2196; baseline -0.002 -19"><span class='ocrx_word' id='word_1_93' title='bbox 308 2113 562 2178; x_wconf 86' lang='lat' dir='ltr'>Demosthenem</span> <span class='ocrx_word' id='word_1_94' title='bbox 578 2113 741 2177; x_wconf 82' lang='lat' dir='ltr'>Aristides</span> <span class='ocrx_word' id='word_1_95' title='bbox 751 2113 784 2193; x_wconf 72' lang='lat'>²),</span> <span class='ocrx_word' id='word_1_96' title='bbox 809 2112 1009 2194; x_wconf 84' lang='lat' dir='ltr'>Hyperidem</span> <span class='ocrx_word' id='word_1_97' title='bbox 1033 2119 1177 2178; x_wconf 90' lang='lat' dir='ltr'>oratores</span> <span class='ocrx_word' id='word_1_98' title='bbox 1193 2109 1352 2196; x_wconf 61' lang='lat' dir='ltr'>Rhodiii),</span> <span class='ocrx_word' id='word_1_99' title='bbox 1378 2112 1485 2177; x_wconf 91' lang='lat' dir='ltr'>Philo-</span> 
     </span>
     <span class='ocr_line' id='line_1_15' title="bbox 307 2218 1485 2300; baseline 0 -18"><span class='ocrx_word' id='word_1_100' title='bbox 307 2224 429 2284; x_wconf 83' lang='lat' dir='ltr'>stratus</span> <span class='ocrx_word' id='word_1_101' title='bbox 448 2218 641 2284; x_wconf 83' lang='lat' dir='ltr'>Aeschinem</span> <span class='ocrx_word' id='word_1_102' title='bbox 663 2225 697 2284; x_wconf 91' lang='lat' dir='ltr'>et</span> <span class='ocrx_word' id='word_1_103' title='bbox 713 2218 906 2300; x_wconf 70' lang='lat' dir='ltr'>Gorgiam4).</span> <span class='ocrx_word' id='word_1_104' title='bbox 947 2220 1065 2285; x_wconf 77' lang='lat' dir='ltr'>Confer</span> <span class='ocrx_word' id='word_1_105' title='bbox 1089 2221 1196 2299; x_wconf 90' lang='lat' dir='ltr'>etiarn,</span> <span class='ocrx_word' id='word_1_106' title='bbox 1222 2239 1303 2298; x_wconf 89' lang='lat' dir='ltr'>quae</span> <span class='ocrx_word' id='word_1_107' title='bbox 1325 2218 1485 2296; x_wconf 74' lang='lat' dir='ltr'>Schmido</span> 
     </span>
     <span class='ocr_line' id='line_1_16' title="bbox 299 2321 1485 2409; baseline -0.002 -18"><span class='ocrx_word' id='word_1_108' title='bbox 299 2331 341 2391; x_wconf 88' lang='lat' dir='ltr'>-et</span> <span class='ocrx_word' id='word_1_109' title='bbox 365 2321 612 2409; x_wconf 81' lang='lat' dir='ltr'>Wilamowitz⁰)</span> <span class='ocrx_word' id='word_1_110' title='bbox 642 2326 682 2392; x_wconf 89' lang='lat' dir='ltr'>de</span> <span class='ocrx_word' id='word_1_111' title='bbox 710 2327 772 2392; x_wconf 92' lang='lat' dir='ltr'>hac</span> <span class='ocrx_word' id='word_1_112' title='bbox 799 2345 836 2392; x_wconf 92' lang='lat' dir='ltr'>re</span> <span class='ocrx_word' id='word_1_113' title='bbox 869 2327 1057 2393; x_wconf 85' lang='lat' dir='ltr'>doctissime</span> <span class='ocrx_word' id='word_1_114' title='bbox 1092 2333 1317 2406; x_wconf 85' lang='lat' dir='ltr'>exposuerunt.</span> <span class='ocrx_word' id='word_1_115' title='bbox 1365 2325 1485 2408; x_wconf 79' lang='lat' dir='ltr'>Quodsi</span> 
     </span>
     <span class='ocr_line' id='line_1_17' title="bbox 307 2431 1483 2514; baseline 0 -18"><span class='ocrx_word' id='word_1_116' title='bbox 307 2432 379 2511; x_wconf 88' lang='lat' dir='ltr'>quis</span> <span class='ocrx_word' id='word_1_117' title='bbox 396 2431 595 2514; x_wconf 84' lang='lat' dir='ltr'>Gorgianam</span> <span class='ocrx_word' id='word_1_118' title='bbox 611 2433 758 2498; x_wconf 87' lang='lat' dir='ltr'>imitatur</span> <span class='ocrx_word' id='word_1_119' title='bbox 774 2434 997 2514; x_wconf 89' lang='lat' dir='ltr'>elocutionem,</span> <span class='ocrx_word' id='word_1_120' title='bbox 1015 2442 1052 2497; x_wconf 90' lang='lat' dir='ltr'>ut</span> <span class='ocrx_word' id='word_1_121' title='bbox 1068 2433 1252 2498; x_wconf 88' lang='lat' dir='ltr'>Hadrianus</span> <span class='ocrx_word' id='word_1_122' title='bbox 1269 2443 1301 2498; x_wconf 88' lang='lat' dir='ltr'>et</span> <span class='ocrx_word' id='word_1_123' title='bbox 1317 2434 1483 2514; x_wconf 88' lang='lat' dir='ltr'>Proculus,</span> 
     </span>
     <span class='ocr_line' id='line_1_18' title="bbox 305 2538 1484 2622; baseline -0.001 -18"><span class='ocrx_word' id='word_1_124' title='bbox 305 2540 359 2604; x_wconf 88' lang='lat' dir='ltr'>vel</span> <span class='ocrx_word' id='word_1_125' title='bbox 376 2539 520 2621; x_wconf 77' lang='lat' dir='ltr'>Critiam</span> <span class='ocrx_word' id='word_1_126' title='bbox 544 2539 746 2611; x_wconf 88' lang='lat' dir='ltr'>utHerodes</span> <span class='ocrx_word' id='word_1_127' title='bbox 764 2540 892 2616; x_wconf 86' lang='lat' dir='ltr'>Atticus</span> <span class='ocrx_word' id='word_1_128' title='bbox 909 2539 961 2622; x_wconf 80' lang='lat' dir='ltr'>(V.</span> <span class='ocrx_word' id='word_1_129' title='bbox 979 2539 1010 2605; x_wconf 86' lang='lat' dir='ltr'>S.</span> <span class='ocrx_word' id='word_1_130' title='bbox 1028 2540 1061 2604; x_wconf 89' lang='lat' dir='ltr'>ll</span> <span class='ocrx_word' id='word_1_131' title='bbox 1079 2542 1108 2620; x_wconf 92' lang='lat'>1,</span> <span class='ocrx_word' id='word_1_132' title='bbox 1134 2538 1198 2620; x_wconf 81' lang='lat'>35),</span> <span class='ocrx_word' id='word_1_133' title='bbox 1223 2541 1269 2604; x_wconf 93' lang='lat' dir='ltr'>nil</span> <span class='ocrx_word' id='word_1_134' title='bbox 1294 2538 1380 2604; x_wconf 88' lang='lat' dir='ltr'>aliud</span> <span class='ocrx_word' id='word_1_135' title='bbox 1404 2539 1484 2603; x_wconf 89' lang='lat' dir='ltr'>iacit</span> 
     </span>
     <span class='ocr_line' id='line_1_19' title="bbox 297 2646 1483 2728; baseline 0.003 -23"><span class='ocrx_word' id='word_1_136' title='bbox 297 2651 403 2724; x_wconf 72' lang='lat' dir='ltr'>:atque</span> <span class='ocrx_word' id='word_1_137' title='bbox 420 2647 450 2712; x_wconf 91' lang='lat' dir='ltr'>ei</span> <span class='ocrx_word' id='word_1_138' title='bbox 467 2646 692 2727; x_wconf 89' lang='lat' dir='ltr'>atticistarum‚</span> <span class='ocrx_word' id='word_1_139' title='bbox 708 2647 762 2724; x_wconf 85' lang='lat' dir='ltr'>qui</span> <span class='ocrx_word' id='word_1_140' title='bbox 778 2647 976 2712; x_wconf 88' lang='lat' dir='ltr'>Aeschinem</span> <span class='ocrx_word' id='word_1_141' title='bbox 995 2648 1048 2712; x_wconf 87' lang='lat' dir='ltr'>vel</span> <span class='ocrx_word' id='word_1_142' title='bbox 1064 2647 1262 2728; x_wconf 79' lang='lat' dir='ltr'>Hyperidem</span> <span class='ocrx_word' id='word_1_143' title='bbox 1284 2647 1334 2711; x_wconf 90' lang='lat' dir='ltr'>vel</span> <span class='ocrx_word' id='word_1_144' title='bbox 1350 2646 1483 2726; x_wconf 89' lang='lat' dir='ltr'>Lysiam</span> 
     </span>
     <span class='ocr_line' id='line_1_20' title="bbox 305 2748 1482 2842; baseline -0.001 -25"><span class='ocrx_word' id='word_1_145' title='bbox 305 2752 359 2817; x_wconf 87' lang='lat' dir='ltr'>vel</span> <span class='ocrx_word' id='word_1_146' title='bbox 382 2751 630 2842; x_wconf 78' lang='lat' dir='ltr'>Xenophontem</span> <span class='ocrx_word' id='word_1_147' title='bbox 654 2753 707 2818; x_wconf 89' lang='lat' dir='ltr'>vel</span> <span class='ocrx_word' id='word_1_148' title='bbox 740 2752 837 2817; x_wconf 90' lang='lat' dir='ltr'>aliurn</span> <span class='ocrx_word' id='word_1_149' title='bbox 869 2753 973 2817; x_wconf 83' lang='lat' dir='ltr'>secuti</span> <span class='ocrx_word' id='word_1_150' title='bbox 1003 2753 1134 2817; x_wconf 92' lang='lat' dir='ltr'>suntin</span> <span class='ocrx_word' id='word_1_151' title='bbox 1159 2748 1389 2832; x_wconf 88' lang='lat' dir='ltr'>compositione</span> <span class='ocrx_word' id='word_1_152' title='bbox 1412 2771 1482 2817; x_wconf 90' lang='lat' dir='ltr'>ver·</span> 
     </span>
     <span class='ocr_line' id='line_1_21' title="bbox 305 2857 1482 2942; baseline -0.001 -19"><span class='ocrx_word' id='word_1_153' title='bbox 305 2859 426 2923; x_wconf 89' lang='lat' dir='ltr'>herum.</span> <span class='ocrx_word' id='word_1_154' title='bbox 474 2858 545 2941; x_wconf 80' lang='lat' dir='ltr'>Qua</span> <span class='ocrx_word' id='word_1_155' title='bbox 572 2858 607 2922; x_wconf 93' lang='lat' dir='ltr'>in</span> <span class='ocrx_word' id='word_1_156' title='bbox 638 2877 674 2924; x_wconf 91' lang='lat' dir='ltr'>re</span> <span class='ocrx_word' id='word_1_157' title='bbox 702 2857 841 2924; x_wconf 79' lang='lat' dir='ltr'>fortasse</span> <span class='ocrx_word' id='word_1_158' title='bbox 866 2859 985 2942; x_wconf 77' lang='lat' dir='ltr'>euenit,</span> <span class='ocrx_word' id='word_1_159' title='bbox 1019 2865 1054 2924; x_wconf 90' lang='lat' dir='ltr'>ut</span> <span class='ocrx_word' id='word_1_160' title='bbox 1078 2859 1214 2924; x_wconf 86' lang='lat' dir='ltr'>elocutio</span> <span class='ocrx_word' id='word_1_161' title='bbox 1238 2859 1482 2923; x_wconf 88' lang='lat' dir='ltr'>similitudinem</span> 
     </span>
     <span class='ocr_line' id='line_1_22' title="bbox 296 2964 1481 3047; baseline 0.002 -19"><span class='ocrx_word' id='word_1_162' title='bbox 296 2966 465 3044; x_wconf 41' lang='lat' dir='ltr'>aquandum</span> <span class='ocrx_word' id='word_1_163' title='bbox 496 2966 635 3032; x_wconf 89' lang='lat' dir='ltr'>haberet</span> <span class='ocrx_word' id='word_1_164' title='bbox 659 2984 731 3031; x_wconf 90' lang='lat' dir='ltr'>cum</span> <span class='ocrx_word' id='word_1_165' title='bbox 754 2965 866 3030; x_wconf 88' lang='lat' dir='ltr'>asiana</span> <span class='ocrx_word' id='word_1_166' title='bbox 876 2964 907 3047; x_wconf 61' lang='lat' dir='ltr'>7l,</span> <span class='ocrx_word' id='word_1_167' title='bbox 942 2984 1132 3046; x_wconf 88' lang='lat' dir='ltr'>quamquam</span> <span class='ocrx_word' id='word_1_168' title='bbox 1157 2967 1312 3045; x_wconf 90' lang='lat' dir='ltr'>quomodo</span> <span class='ocrx_word' id='word_1_169' title='bbox 1336 2967 1422 3031; x_wconf 90' lang='lat' dir='ltr'>inter</span> <span class='ocrx_word' id='word_1_170' title='bbox 1446 2983 1481 3030; x_wconf 89' lang='lat' dir='ltr'>se</span> 
     </span>
     <span class='ocr_line' id='line_1_23' title="bbox 305 3071 1144 3154; baseline 0 -18"><span class='ocrx_word' id='word_1_171' title='bbox 305 3071 487 3154; x_wconf 87' lang='lat' dir='ltr'>differrent,</span> <span class='ocrx_word' id='word_1_172' title='bbox 511 3072 729 3137; x_wconf 88' lang='lat' dir='ltr'>Philostratus</span> <span class='ocrx_word' id='word_1_173' title='bbox 752 3072 817 3136; x_wconf 88' lang='lat' dir='ltr'>iam</span> <span class='ocrx_word' id='word_1_174' title='bbox 841 3073 984 3138; x_wconf 89' lang='lat' dir='ltr'>sensisse</span> <span class='ocrx_word' id='word_1_175' title='bbox 1007 3073 1144 3138; x_wconf 83' lang='lat' dir='ltr'>videtur.</span> 
     </span>
    </p>

    <p class='ocr_par' dir='ltr' id='par_1_6' title="bbox 294 3177 1481 3475">
     <span class='ocr_line' id='line_1_24' title="bbox 394 3177 1481 3260; baseline 0.002 -18"><span class='ocrx_word' id='word_1_176' title='bbox 394 3177 571 3260; x_wconf 90' lang='lat' dir='ltr'>Dionysius</span> <span class='ocrx_word' id='word_1_177' title='bbox 586 3178 886 3243; x_wconf 86' lang='lat' dir='ltr'>Halicarnassensis</span> <span class='ocrx_word' id='word_1_178' title='bbox 911 3179 944 3242; x_wconf 92' lang='lat' dir='ltr'>in</span> <span class='ocrx_word' id='word_1_179' title='bbox 969 3179 1198 3258; x_wconf 88' lang='lat' dir='ltr'>compositione</span> <span class='ocrx_word' id='word_1_180' title='bbox 1223 3181 1393 3244; x_wconf 84' lang='lat' dir='ltr'>verborum</span> <span class='ocrx_word' id='word_1_181' title='bbox 1410 3179 1481 3244; x_wconf 86' lang='lat' dir='ltr'>siue</span> 
     </span>
     <span class='ocr_line' id='line_1_25' title="bbox 305 3285 1480 3367; baseline 0.002 -19"><span class='ocrx_word' id='word_1_182' title='bbox 305 3285 402 3351; x_wconf 86' lang='lat' dir='ltr'>dubio</span> <span class='ocrx_word' id='word_1_183' title='bbox 425 3285 525 3350; x_wconf 91' lang='lat' dir='ltr'>multo</span> <span class='ocrx_word' id='word_1_184' title='bbox 549 3285 695 3352; x_wconf 87' lang='lat' dir='ltr'>severior</span> <span class='ocrx_word' id='word_1_185' title='bbox 718 3293 798 3365; x_wconf 90' lang='lat' dir='ltr'>erat,</span> <span class='ocrx_word' id='word_1_186' title='bbox 824 3304 918 3364; x_wconf 86' lang='lat' dir='ltr'>qnam</span> <span class='ocrx_word' id='word_1_187' title='bbox 936 3287 1099 3351; x_wconf 87' lang='lat' dir='ltr'>atticistae</span> <span class='ocrx_word' id='word_1_188' title='bbox 1116 3285 1149 3349; x_wconf 89' lang='lat' dir='ltr'>ll</span> <span class='ocrx_word' id='word_1_189' title='bbox 1165 3305 1194 3367; x_wconf 96' lang='lat' dir='ltr'>p.</span> <span class='ocrx_word' id='word_1_190' title='bbox 1212 3285 1284 3350; x_wconf 84' lang='lat' dir='ltr'>Chr.</span> <span class='ocrx_word' id='word_1_191' title='bbox 1302 3305 1332 3350; x_wconf 92' lang='lat' dir='ltr'>n.</span> <span class='ocrx_word' id='word_1_192' title='bbox 1348 3285 1480 3366; x_wconf 88' lang='lat' dir='ltr'>saeculi,</span> 
     </span>
     <span class='ocr_line' id='line_1_26' title="bbox 294 3391 1480 3475; baseline 0 -19"><span class='ocrx_word' id='word_1_193' title='bbox 294 3391 339 3456; x_wconf 81' lang='lat' dir='ltr'>in</span> <span class='ocrx_word' id='word_1_194' title='bbox 362 3391 491 3458; x_wconf 87' lang='lat' dir='ltr'>delectu</span> <span class='ocrx_word' id='word_1_195' title='bbox 515 3401 624 3457; x_wconf 89' lang='lat' dir='ltr'>autem</span> <span class='ocrx_word' id='word_1_196' title='bbox 647 3392 746 3456; x_wconf 89' lang='lat' dir='ltr'>multo</span> <span class='ocrx_word' id='word_1_197' title='bbox 763 3391 859 3456; x_wconf 88' lang='lat' dir='ltr'>aliam</span> <span class='ocrx_word' id='word_1_198' title='bbox 875 3392 1033 3457; x_wconf 89' lang='lat' dir='ltr'>rationem</span> <span class='ocrx_word' id='word_1_199' title='bbox 1050 3398 1179 3458; x_wconf 89' lang='lat' dir='ltr'>secutus</span> <span class='ocrx_word' id='word_1_200' title='bbox 1197 3398 1256 3475; x_wconf 88' lang='lat' dir='ltr'>est,</span> <span class='ocrx_word' id='word_1_201' title='bbox 1281 3411 1352 3458; x_wconf 84' lang='lat' dir='ltr'>curn</span> <span class='ocrx_word' id='word_1_202' title='bbox 1370 3410 1480 3457; x_wconf 87' lang='lat' dir='ltr'>omnes</span> 
     </span>
    </p>
   </div>
   <div class='ocr_carea' id='block_1_6' title="bbox 304 3543 516 3552">
    <p class='ocr_par' dir='ltr' id='par_1_7' title="bbox 304 3543 516 3552">
     <span class='ocr_line' id='line_1_27' title="bbox 304 3543 516 3552; baseline 0.005 -2"><span class='ocrx_word' id='word_1_203' title='bbox 304 3543 516 3552; x_wconf 79' lang='lat'><strong>———.</strong></span> 
     </span>
    </p>
   </div>
   <div class='ocr_carea' id='block_1_7' title="bbox 294 3637 1481 4417">
    <p class='ocr_par' dir='ltr' id='par_1_8' title="bbox 294 3637 1481 3888">
     <span class='ocr_line' id='line_1_28' title="bbox 397 3637 1480 3707; baseline 0.003 -19"><span class='ocrx_word' id='word_1_204' title='bbox 397 3637 416 3704; x_wconf 89' lang='lat'>¹)</span> <span class='ocrx_word' id='word_1_205' title='bbox 435 3639 543 3703; x_wconf 83' lang='lat' dir='ltr'>Rohde,</span> <span class='ocrx_word' id='word_1_206' title='bbox 562 3638 662 3690; x_wconf 85' lang='lat' dir='ltr'>Rhein.</span> <span class='ocrx_word' id='word_1_207' title='bbox 682 3637 755 3689; x_wconf 84' lang='lat' dir='ltr'>Mus.</span> <span class='ocrx_word' id='word_1_208' title='bbox 774 3639 841 3689; x_wconf 90' lang='lat' dir='ltr'>XLI</span> <span class='ocrx_word' id='word_1_209' title='bbox 866 3640 935 3689; x_wconf 83' lang='lat'>1886</span> <span class='ocrx_word' id='word_1_210' title='bbox 954 3656 981 3705; x_wconf 92' lang='lat' dir='ltr'>p.</span> <span class='ocrx_word' id='word_1_211' title='bbox 1003 3640 1053 3688; x_wconf 80' lang='lat'>189</span> <span class='ocrx_word' id='word_1_212' title='bbox 1073 3655 1113 3704; x_wconf 85' lang='lat' dir='ltr'>sq.</span> <span class='ocrx_word' id='word_1_213' title='bbox 1133 3640 1247 3690; x_wconf 86' lang='lat' dir='ltr'>Norden</span> <span class='ocrx_word' id='word_1_214' title='bbox 1267 3643 1283 3693; x_wconf 94' lang='lat' dir='ltr'>l.</span> <span class='ocrx_word' id='word_1_215' title='bbox 1304 3643 1321 3692; x_wconf 94' lang='lat' dir='ltr'>l.</span> <span class='ocrx_word' id='word_1_216' title='bbox 1341 3640 1356 3690; x_wconf 97' lang='grc' dir='ltr'>Ι</span> <span class='ocrx_word' id='word_1_217' title='bbox 1374 3656 1399 3707; x_wconf 90' lang='lat' dir='ltr'>p.</span> <span class='ocrx_word' id='word_1_218' title='bbox 1420 3641 1480 3692; x_wconf 74' lang='lat'>377.</span> 
     </span>
     <span class='ocr_line' id='line_1_29' title="bbox 294 3727 1481 3795; baseline 0.005 -22"><span class='ocrx_word' id='word_1_219' title='bbox 294 3727 355 3776; x_wconf 68' lang='lat'>..⁰281</span> <span class='ocrx_word' id='word_1_220' title='bbox 375 3742 502 3778; x_wconf 83' lang='lat' dir='ltr'>necnon</span> <span class='ocrx_word' id='word_1_221' title='bbox 526 3745 553 3794; x_wconf 90' lang='lat' dir='ltr'>p.</span> <span class='ocrx_word' id='word_1_222' title='bbox 573 3727 625 3778; x_wconf 84' lang='grc'>436</span> <span class='ocrx_word' id='word_1_223' title='bbox 645 3743 709 3793; x_wconf 76' lang='lat' dir='ltr'>sqq,</span> <span class='ocrx_word' id='word_1_224' title='bbox 735 3743 800 3778; x_wconf 88' lang='lat' dir='ltr'>narn</span> <span class='ocrx_word' id='word_1_225' title='bbox 820 3743 891 3793; x_wconf 85' lang='lat' dir='ltr'>quae</span> <span class='ocrx_word' id='word_1_226' title='bbox 911 3727 944 3778; x_wconf 89' lang='lat' dir='ltr'>de</span> <span class='ocrx_word' id='word_1_227' title='bbox 964 3727 1112 3778; x_wconf 87' lang='lat' dir='ltr'>Iamblichi</span> <span class='ocrx_word' id='word_1_228' title='bbox 1132 3744 1259 3779; x_wconf 87' lang='lat' dir='ltr'>sermone</span> <span class='ocrx_word' id='word_1_229' title='bbox 1278 3729 1416 3795; x_wconf 85' lang='lat' dir='ltr'>exposuit,</span> <span class='ocrx_word' id='word_1_230' title='bbox 1445 3729 1481 3780; x_wconf 86' lang='lat' dir='ltr'>ad</span> 
     </span>
     <span class='ocr_line' id='line_1_30' title="bbox 304 3815 1480 3888; baseline 0.003 -22"><span class='ocrx_word' id='word_1_231' title='bbox 304 3815 443 3866; x_wconf 84' lang='lat' dir='ltr'>Hadriani</span> <span class='ocrx_word' id='word_1_232' title='bbox 461 3816 608 3867; x_wconf 83' lang='lat' dir='ltr'>referenda</span> <span class='ocrx_word' id='word_1_233' title='bbox 627 3823 701 3878; x_wconf 84' lang='lat' dir='ltr'>sunt,</span> <span class='ocrx_word' id='word_1_234' title='bbox 728 3831 791 3867; x_wconf 89' lang='lat' dir='ltr'>cum</span> <span class='ocrx_word' id='word_1_235' title='bbox 810 3817 880 3867; x_wconf 88' lang='lat' dir='ltr'>haec</span> <span class='ocrx_word' id='word_1_236' title='bbox 900 3816 1066 3867; x_wconf 86' lang='lat' dir='ltr'>declamatio</span> <span class='ocrx_word' id='word_1_237' title='bbox 1085 3817 1229 3888; x_wconf 79' lang='lat' dir='ltr'>Hadriano</span> <span class='ocrx_word' id='word_1_238' title='bbox 1249 3817 1416 3868; x_wconf 86' lang='lat' dir='ltr'>vindicanda</span> <span class='ocrx_word' id='word_1_239' title='bbox 1435 3817 1480 3869; x_wconf 85' lang='lat' dir='ltr'>sit.</span> 
     </span>
    </p>

    <p class='ocr_par' dir='ltr' id='par_1_9' title="bbox 393 3901 1113 3970">
     <span class='ocr_line' id='line_1_31' title="bbox 393 3901 1113 3970; baseline 0.001 -15"><span class='ocrx_word' id='word_1_240' title='bbox 393 3901 415 3970; x_wconf 73' lang='grc'>2)</span> <span class='ocrx_word' id='word_1_241' title='bbox 435 3904 556 3969; x_wconf 85' lang='lat' dir='ltr'>Schmid,</span> <span class='ocrx_word' id='word_1_242' title='bbox 576 3903 826 3958; x_wconf 65' lang='lat' dir='ltr'>Rhoduntiam</span> <span class='ocrx_word' id='word_1_243' title='bbox 847 3905 916 3955; x_wconf 87' lang='grc'><strong>1894</strong></span> <span class='ocrx_word' id='word_1_244' title='bbox 935 3921 961 3970; x_wconf 92' lang='lat' dir='ltr'>p.</span> <span class='ocrx_word' id='word_1_245' title='bbox 984 3906 1034 3955; x_wconf 80' lang='lat'>184</span> <span class='ocrx_word' id='word_1_246' title='bbox 1053 3921 1113 3970; x_wconf 86' lang='lat' dir='ltr'>sqq.</span> 
     </span>
    </p>

    <p class='ocr_par' dir='ltr' id='par_1_10' title="bbox 396 3993 1163 4061">
     <span class='ocr_line' id='line_1_32' title="bbox 396 3993 1163 4061; baseline 0.003 -17"><span class='ocrx_word' id='word_1_247' title='bbox 396 3994 417 4061; x_wconf 75' lang='lat'>³)</span> <span class='ocrx_word' id='word_1_248' title='bbox 436 3993 651 4058; x_wconf 81' lang='lat' dir='ltr'>Radermacher,</span> <span class='ocrx_word' id='word_1_249' title='bbox 671 3993 771 4045; x_wconf 86' lang='lat' dir='ltr'>Rhein.</span> <span class='ocrx_word' id='word_1_250' title='bbox 790 3993 864 4044; x_wconf 81' lang='lat' dir='ltr'>Mna.</span> <span class='ocrx_word' id='word_1_251' title='bbox 884 3993 948 4044; x_wconf 84' lang='lat' dir='ltr'>LIV</span> <span class='ocrx_word' id='word_1_252' title='bbox 969 3994 1036 4044; x_wconf 84' lang='lat'>1899</span> <span class='ocrx_word' id='word_1_253' title='bbox 1056 4010 1082 4060; x_wconf 92' lang='lat' dir='ltr'>p.</span> <span class='ocrx_word' id='word_1_254' title='bbox 1103 3995 1163 4047; x_wconf 83' lang='grc'><strong>959.</strong></span> 
     </span>
    </p>

    <p class='ocr_par' dir='ltr' id='par_1_11' title="bbox 391 4079 956 4148">
     <span class='ocr_line' id='line_1_33' title="bbox 391 4079 956 4148; baseline 0.004 -16"><span class='ocrx_word' id='word_1_255' title='bbox 391 4079 413 4148; x_wconf 74' lang='lat'>⁴)</span> <span class='ocrx_word' id='word_1_256' title='bbox 432 4082 553 4147; x_wconf 86' lang='lat' dir='ltr'>Schmid,</span> <span class='ocrx_word' id='word_1_257' title='bbox 572 4083 630 4134; x_wconf 84' lang='lat' dir='ltr'>Dar</span> <span class='ocrx_word' id='word_1_258' title='bbox 647 4081 814 4133; x_wconf 83' lang='lat' dir='ltr'>Atticismus</span> <span class='ocrx_word' id='word_1_259' title='bbox 834 4083 849 4133; x_wconf 97' lang='lat' dir='ltr'>I</span> <span class='ocrx_word' id='word_1_260' title='bbox 867 4099 893 4148; x_wconf 90' lang='lat' dir='ltr'>p.</span> <span class='ocrx_word' id='word_1_261' title='bbox 913 4083 956 4134; x_wconf 78' lang='lat'>28.</span> 
     </span>
    </p>

    <p class='ocr_par' dir='ltr' id='par_1_12' title="bbox 391 4171 808 4237">
     <span class='ocr_line' id='line_1_34' title="bbox 391 4171 808 4237; baseline 0.002 -15"><span class='ocrx_word' id='word_1_262' title='bbox 391 4172 412 4236; x_wconf 77' lang='lat'>⁶)</span> <span class='ocrx_word' id='word_1_263' title='bbox 430 4171 530 4223; x_wconf 87' lang='lat' dir='ltr'>Rhein.</span> <span class='ocrx_word' id='word_1_264' title='bbox 549 4171 624 4224; x_wconf 85' lang='lat' dir='ltr'>Mus.</span> <span class='ocrx_word' id='word_1_265' title='bbox 643 4171 681 4222; x_wconf 75' lang='lat'>11.</span> <span class='ocrx_word' id='word_1_266' title='bbox 700 4188 726 4237; x_wconf 92' lang='lat' dir='ltr'>p.</span> <span class='ocrx_word' id='word_1_267' title='bbox 748 4173 808 4223; x_wconf 69' lang='lat'>14⁸2.</span> 
     </span>
    </p>

    <p class='ocr_par' dir='ltr' id='par_1_13' title="bbox 391 4259 908 4327">
     <span class='ocr_line' id='line_1_35' title="bbox 391 4259 908 4327; baseline -0.006 -15"><span class='ocrx_word' id='word_1_268' title='bbox 391 4260 413 4327; x_wconf 81' lang='lat'>⁶)</span> <span class='ocrx_word' id='word_1_269' title='bbox 432 4260 551 4312; x_wconf 84' lang='lat' dir='ltr'>Hermes</span> <span class='ocrx_word' id='word_1_270' title='bbox 570 4260 680 4313; x_wconf 87' lang='lat' dir='ltr'>XXXV</span> <span class='ocrx_word' id='word_1_271' title='bbox 698 4277 725 4327; x_wconf 92' lang='lat' dir='ltr'>p.</span> <span class='ocrx_word' id='word_1_272' title='bbox 745 4261 781 4311; x_wconf 86' lang='grc'>90</span> <span class='ocrx_word' id='word_1_273' title='bbox 799 4259 862 4313; x_wconf 88' lang='lat' dir='ltr'>adn.</span> <span class='ocrx_word' id='word_1_274' title='bbox 881 4261 908 4310; x_wconf 80' lang='lat'>4.</span> 
     </span>
    </p>

    <p class='ocr_par' dir='ltr' id='par_1_14' title="bbox 392 4347 1479 4417">
     <span class='ocr_line' id='line_1_36' title="bbox 392 4347 1479 4417; baseline 0.003 -16"><span class='ocrx_word' id='word_1_275' title='bbox 392 4347 414 4417; x_wconf 75' lang='grc'>7)</span> <span class='ocrx_word' id='word_1_276' title='bbox 433 4349 630 4414; x_wconf 80' lang='lat' dir='ltr'>Wilamowita,</span> <span class='ocrx_word' id='word_1_277' title='bbox 643 4348 696 4400; x_wconf 90' lang='lat' dir='ltr'>Die</span> <span class='ocrx_word' id='word_1_278' title='bbox 709 4348 883 4414; x_wconf 80' lang='lat' dir='ltr'>griechische</span> <span class='ocrx_word' id='word_1_279' title='bbox 896 4348 1040 4400; x_wconf 81' lang='lat' dir='ltr'>Literatur</span> <span class='ocrx_word' id='word_1_280' title='bbox 1053 4348 1102 4399; x_wconf 86' lang='lat' dir='ltr'>des</span> <span class='ocrx_word' id='word_1_281' title='bbox 1112 4348 1270 4400; x_wconf 87' lang='lat' dir='ltr'>Altertums</span> <span class='ocrx_word' id='word_1_282' title='bbox 1286 4349 1366 4402; x_wconf 84' lang='lat'>1905¹</span> <span class='ocrx_word' id='word_1_283' title='bbox 1379 4368 1405 4417; x_wconf 90' lang='lat' dir='ltr'>p.</span> <span class='ocrx_word' id='word_1_284' title='bbox 1419 4351 1479 4404; x_wconf 76' lang='lat'>152.</span> 
     </span>
    </p>
   </div>
   <div class='ocr_carea' id='block_1_8' title="bbox 0 0 1706 5066">
    <p class='ocr_par' dir='ltr' id='par_1_15' title="bbox 0 0 1706 5066">
     <span class='ocr_line' id='line_1_37' title="bbox 0 0 1706 5066; baseline 0 3"><span class='ocrx_word' id='word_1_285' title='bbox 0 0 1706 5066; x_wconf 95' lang='lat' dir='ltr'> </span> 
     </span>
    </p>
   </div>
  </div>
 </body>
</html>
