3402 5066
778 452 1001 516 „10-

301 633 411 715 colligi
435 631 517 714 vult,
549 631 635 712 quod
662 635 800 712 apparet
830 647 871 696 ex
893 629 927 694 X
950 628 993 692 12
1017 629 1250 711 τραγικώτερον
1272 625 1333 708 γὰρ
1355 627 1374 715 ἡ
1399 649 1484 705 nay-

302 738 432 824 κληρία·
455 737 495 801 τὰ
518 735 555 801 δὲ
579 739 676 822 σκεύη
698 735 755 798 καὶ
777 738 932 817 σκευάρια
954 734 1051 817 μίλον
1077 742 1145 805 τοῖς
1170 735 1335 818 κωμῳδοῖς
1361 735 1484 799 soleis.

301 846 417 926 ltaque
440 845 557 912 Pollux
579 853 713 926 praeter
732 853 861 909 ceteros
881 861 957 910 suos
972 842 1081 908 fontes
1097 842 1327 908 Eratosthenis
1341 843 1483 922 optimos

302 961 336 1018 et
358 951 537 1018 ditissimos
558 951 731 1016 thesauros
754 949 845 1029 adiit,
876 967 955 1028 quos
978 949 1034 1014 ille
1058 947 1136 1030 περὶ
1159 948 1327 1031 κωμῳδίας
1349 948 1481 1028 scripsit

302 1059 335 1124 X
366 1058 425 1126 60:
457 1055 549 1139 παρὰ
578 1060 693 1143 μέντοι
714 1051 947 1138 Ἐρατοσθένει
979 1048 1016 1114 ἒν
1042 1061 1111 1124 ταῖς
1137 1056 1217 1136 περὶ
1245 1054 1413 1138 κωμῳδίας
1439 1056 1485 1124 ὡς

305 1161 435 1244 ἕχοιμέν
456 1184 531 1227 τινα
560 1171 618 1225 τοῦ
650 1162 808 1242 ὀνόματος
838 1161 932 1224 τοῦδε
960 1159 1017 1244 (se
1041 1159 1244 1242 ἀναλογείου)
1271 1159 1485 1245 ἀποστροφήν

304 1270 410 1356 εὕροις
433 1264 476 1332 ἂν
498 1274 643 1349 τοῦνομα
665 1263 724 1332 ἐπὶ
747 1276 805 1330 τοῦ
829 1271 962 1338 σκεύους
985 1277 1042 1330 τοῦ
1070 1273 1138 1338 τοῖς
1159 1266 1292 1348 pastas
1313 1271 1478 1349 χρησίμου.

303 1380 383 1443 (inm
410 1377 512 1461 igitm
534 1377 651 1444 Pollux
680 1377 970 1442 instrumentorum
998 1375 1129 1442 nomina
1155 1376 1190 1439 in
1217 1374 1393 1440 comoediis
1422 1373 1484 1438 ad·

303 1485 409 1551 hibita
430 1484 578 1566 proterat
599 1483 632 1548 X
656 1482 709 1565 12,
741 1483 881 1564 quaein
904 1480 1133 1548 Eratosthenis
1155 1481 1249 1548 libris
1274 1481 1351 1562 περὶ
1374 1501 1480 1562 sopp

302 1591 373 1662 δίας
396 1590 535 1658 collecta
557 1609 577 1656 a
599 1589 731 1656 Polluce
759 1589 831 1670 ipso
854 1588 1013 1654 exhausta
1036 1605 1110 1654 esse
1132 1588 1166 1653 X
1188 1585 1233 1651 60
1255 1588 1358 1668 docet,
1388 1589 1481 1652 nobis

303 1696 556 1765 concludendum
585 1703 652 1779 est,
682 1694 910 1761 Eratosthenis
933 1698 1204 1778 Σκουαγραοικον,
1237 1713 1332 1773 quem
1362 1695 1479 1759 librum

303 1823 339 1871 se
363 1804 482 1871 adiisse
505 1803 539 1868 in
563 1804 583 1869 l.
606 1804 640 1868 X
662 1802 865 1885 praefatione
888 1803 989 1868 stulto
1018 1801 1158 1884 quodam
1186 1800 1319 1866 fastidio
1347 1801 1482 1881 fatetur,

304 1917 430 1993 partem
458 1910 562 1976 tuisse
589 1910 705 1976 summi
733 1909 823 1974 illins
846 1910 953 1990 operis
982 1907 1061 1991 περὶ
1083 1907 1250 1991 κωμῳδίας
1273 1909 1439 1988 compositi
1447 1905 1481 1991 ¹).

394 2034 508 2101 Pollux
540 2041 648 2101 antem
686 2032 916 2099 Eratosthenis
944 2036 1215 2116 Σκεαογραφικον,
1256 2032 1311 2113 qni
1341 2051 1381 2098 ex
1413 2032 1482 2097 sola

306 2142 471 2208 comoedia
501 2140 749 2221 inscriptionum
778 2141 985 2220 testimoniis,
1017 2138 1060 2205 de
1087 2140 1204 2219 quibus
1227 2140 1314 2204 intra
1337 2157 1481 2221 agemus,

305 2249 456 2329 ascriptis
479 2248 771 2314 instrumentorum
793 2247 924 2313 nomina
947 2247 1135 2328 collegerat,
1168 2265 1205 2312 se
1228 2264 1401 2327 superasse
1424 2262 1481 2310 suo

303 2357 374 2422 inre
397 2355 479 2421 dicit
493 2355 526 2420 Χ
551 2353 580 2436 1,
605 2373 677 2421 cum
699 2372 764 2420 non
788 2354 892 2421 solum
915 2353 1067 2434 comicos,
1090 2353 1146 2418 sed
1172 2353 1273 2418 etiarn
1296 2354 1378 2418 alios
1402 2352 1480 2416 mul-

304 2473 355 2529 tos
379 2463 556 2543 scriptores
581 2461 737 2542 producat
758 2465 872 2527 testes.
919 2459 1119 2541 Quamquam
1142 2459 1245 2540 igitur
1259 2459 1376 2525 Pollux
1399 2457 1484 2523 Era-

305 2569 467 2635 tosthenis
504 2570 764 2650 Σκεοογραφικόο
795 2567 977 2650 generatim
1015 2565 1172 2646 sequitur,
1211 2574 1322 2631 tamen
1360 2566 1484 2630 idcirco·

305 2695 395 2742 seam
425 2675 629 2740 atticissandi
656 2675 816 2740 rationem
844 2691 909 2738 non
937 2672 1092 2754 neglegit.
1139 2672 1254 2751 Itaque
1282 2690 1354 2738 eum
1377 2689 1480 2737 novae

305 2782 490 2850 comoediae
522 2788 671 2848 auctores
702 2799 804 2861 aeque
836 2780 948 2845 landet
980 2797 1018 2844 ac
1049 2779 1182 2857 veteris,
1213 2779 1312 2844 aliam
1342 2779 1485 2844 maxime·

305 2890 501 2956 sententiam
532 2893 664 2954 secutus
692 2888 778 2953 hune
805 2887 924 2953 librum
950 2886 1170 2966 composuisse
1191 2885 1331 2951 videtur.
1378 2885 1482 2966 Quem

307 3011 369 3058 non
394 3011 432 3059 eo
456 2994 591 3060 consilio
615 2995 757 3076 scripsit,
781 2999 818 3059 ut
833 2992 1063 3059 Eratosthenis
1086 2992 1204 3058 librum
1228 2992 1404 3073 suppleret,
1422 2991 1479 3056 sed

306 3119 346 3166 ex
377 3101 538 3166 contrario
570 3100 610 3165 ad
642 3100 761 3166 librum
795 3101 953 3167 decimum
984 3099 1220 3164 instituendum
1253 3097 1485 3164 Eratosthenis

305 3207 387 3273 libro
411 3225 489 3273 usus
520 3214 585 3290 est,
618 3207 708 3272 cuins
731 3206 897 3273 thesauris
922 3207 1099 3271 instructus
1132 3214 1245 3272 eontra
1276 3205 1484 3271 adversarios

306 3311 460 3393 quosdam
489 3332 524 3380 se
553 3313 700 3381 defendit
730 3313 776 3398 (X
799 3311 820 3376 2
851 3311 900 3375 ὅτι
922 3311 962 3375 τὰ
988 3311 1091 3374 πλείω
1119 3320 1186 3372 τῶν
1208 3311 1376 3391 ὀνομάτων
1400 3307 1481 3371 ἀπο,

305 3417 410 3496 λογίας
443 3415 461 3505 ἢ
495 3422 637 3502 θράσους
661 3417 787 3506 ἐδεῖτο),
820 3421 978 3500 aquibus
1007 3437 1071 3485 non
1100 3420 1203 3485 solnm
1226 3436 1263 3485 se
1285 3418 1482 3500 castigatum

305 3527 346 3591 iri
370 3535 472 3607 putat,
497 3526 555 3593 sed
579 3528 678 3594 etiam
702 3535 835 3609 propter
854 3528 980 3610 glossas
998 3532 1034 3591 ut
1049 3527 1160 3606 inepte
1176 3525 1370 3607 compositas
1386 3523 1482 3589 casti-

397 3752 417 3822 ¹)
437 3754 519 3816 Quod
535 3762 611 3808 recte
624 3756 681 3808 iam
694 3757 796 3808 statuit
809 3756 987 3808 Godofredus
1002 3736 1169 3818 Bernhardy
1182 3753 1397 3805 Eratostheniea
1411 3753 1481 3802 1822

306 3860 332 3911 p.
352 3843 463 3910 204sq.,
487 3843 532 3896 eui
552 3842 783 3917 Σκευογραφικόν
802 3846 922 3896 eundem
940 3844 1043 3896 librum
1068 3860 1128 3895 esse
1148 3859 1231 3908 quem
1250 3838 1485 3914 Ἀρχιτεκτονικόν

306 3946 362 3983 non
382 3946 496 3998 possum
515 3949 573 3984 non
591 3933 732 3987 assentiri.
770 3934 853 3996 Quod
871 3933 944 3985 facio
964 3949 1027 3984 oum
1048 3932 1225 3999 Susemihlio,
1245 3931 1414 3984 Gesehichte
1434 3931 1482 3982 der

307 4019 501 4086 griechischen
524 4021 682 4074 Litteratnr
704 4022 733 4073 in
762 4023 812 4074 der
829 4021 1124 4074 Alexandrinorzeitl
1150 4021 1215 4072 1891
1242 4037 1268 4088 p.
1287 4021 1340 4072 425
1365 4021 1427 4072 adu.
1447 4021 1481 4071 8l

307 4115 405 4161 eontra
424 4123 521 4162 eorum
540 4109 703 4177 sententias,
729 4110 777 4176 qui
798 4111 853 4162 duo
877 4111 965 4162 libros
985 4117 1117 4162 statuunt
1135 4109 1224 4161 fuisse
1243 4111 1322 4161 velut
1340 4108 1482 4176 B(eclteri)

307 4197 382 4262 apud
400 4198 492 4264 Psuiy
505 4198 553 4250 lll
573 4199 641 4250 1844
661 4215 687 4266 p.
702 4200 764 4253 280.
792 4200 848 4254 Ubi
862 4200 966 4263 Christ,
981 4199 1161 4252 Grieehische
1175 4198 1485 4264 Eiteraturgesehiehte

310 4285 377 4337 1005
402 4303 427 4354 p.
448 4286 501 4337 618
521 4285 730 4359 Σκοαοφορικόν
749 4288 873 4355 titulum,
897 4304 980 4354 quern
1005 4288 1090 4340 etiam
1114 4288 1143 4337 in
1167 4288 1208 4339 ed.
1229 4289 1277 4340 IV.
1301 4287 1417 4353 profert,
1441 4287 1484 4337 in·

307 4374 423 4438 verterit,
443 4375 571 4440 equidem
590 4375 693 4428 neseio.
