3402 5066
757 435 980 498 ..48-

285 633 440 698 nonnulla
467 631 652 714 fragmenta
676 652 694 697 a
717 634 796 698 viris
824 631 927 698 doctis
957 633 1022 697 iam
1052 631 1171 698 dudum
1195 631 1360 698 vindicata
1388 649 1462 698 esse

285 740 368 805 scire
384 738 524 819 videtur,
549 740 741 818 praesertim
758 758 829 805 cum
845 739 1104 805 recentissimum
1126 739 1282 804 editorem
1300 738 1462 803 Walzium

285 862 359 911 esse
383 849 485 926 putet.

376 953 502 1018 Primus
532 952 618 1018 enim
648 951 778 1018 lsaaeus
803 952 936 1018 Vossius
961 971 1032 1018 cnm
1060 953 1260 1032 inspexisset
1288 951 1355 1018 cod.
1379 951 1463 1017 Lau-

284 1059 469 1125 rentiauum
497 1057 594 1123 LVII
623 1058 664 1120 12
689 1057 738 1140 (l),
770 1057 989 1140 fragmentum
1023 1060 1114 1124 euius
1148 1059 1262 1124 titulus
1298 1064 1350 1124 est
1384 1057 1463 1140 περὶ

286 1161 429 1248 προόδου
461 1166 519 1226 τοῦ
549 1164 766 1246 Βαβυλωνίων
796 1164 954 1246 βασιλέως
985 1165 1156 1232 lambliohi
1188 1183 1260 1232 esse
1291 1165 1462 1232 intellexit.

286 1271 358 1355 Qua
381 1271 421 1337 de
444 1290 481 1338 re
507 1271 636 1337 rettulit
658 1270 803 1337 Joanues
826 1272 961 1338 Vossius
993 1277 1088 1352 pater
1115 1272 1220 1337 Isaaci
1248 1272 1282 1336 in
1309 1271 1393 1336 libro
1422 1270 1463 1336 de

285 1379 449 1444 historicis
474 1377 608 1445 Graecis
632 1379 735 1444 altero
759 1379 912 1445 editionis
936 1379 970 1443 ΙΙ
994 1398 1013 1444 a
1036 1379 1168 1444 librario
1198 1385 1271 1458 post
1300 1383 1464 1444 auctorem

286 1491 445 1551 mortuum
461 1499 498 1550 a0
519 1484 604 1548 1651
622 1486 759 1551 emissae
778 1503 807 1565 p.
824 1483 889 1548 482
908 1483 964 1568 (=
980 1504 1010 1565 p.
1027 1484 1092 1549 275
1109 1485 1262 1551 editionis
1284 1504 1303 1550 a
1321 1484 1464 1552 Wester·

286 1610 402 1658 manno
426 1605 462 1657 a⁰
483 1587 570 1655 1838
594 1586 812 1674 retractatae).
851 1592 955 1675 „Quin
979 1592 1140 1671 hodieque
1162 1591 1333 1657 Iamblichi
1356 1591 1464 1672 Baby·

285 1698 391 1765 lonioa
422 1703 537 1764 extant
568 1698 602 1762 in
633 1698 832 1765 bibliotheca
867 1697 1050 1765 Esouriaoa.
1104 1701 1168 1780 Ac,
1205 1699 1275 1764 eius
1307 1698 1385 1764 licet
1415 1698 1464 1762 roi

285 1805 423 1882 nescius,
440 1804 658 1886 fragmentum
674 1823 799 1884 quoque
816 1804 918 1872 edidit
932 1805 999 1871 Leo
1013 1804 1173 1871 Allatius“
1195 1805 1278 1871 etin
1294 1803 1465 1871 Addendis

285 1930 316 1991 p.
333 1907 398 1974 548
426 1910 511 1993 ,Sed
528 1910 612 1989 quod
627 1910 764 1975 Adriani
781 1911 935 1977 Rhetoris
951 1912 1090 1994 putavit,
1107 1911 1140 1976 id
1157 1911 1254 1978 aliter
1268 1917 1327 1978 est.
1352 1910 1465 1990 Neque

287 2018 372 2085 euim
402 2018 456 2083 hio
487 2017 732 2083 declamationis
765 2018 935 2097 quicquam
971 2018 1077 2084 simile
1113 2023 1180 2100 est,
1220 2024 1255 2082 ut
1290 2019 1323 2082 in
1358 2017 1467 2083 tribus

286 2124 457 2207 prioribus,
484 2141 566 2203 quae
582 2142 660 2190 vere
675 2129 751 2188 sunt
767 2124 909 2214 Adriani¹
920 2123 1102 2206 Sophistae.
1126 2124 1230 2204 Inque
1248 2124 1468 2192 bibliothecae

286 2229 498 2297 Florentinae
522 2230 642 2313 codice,
666 2230 752 2296 unde
765 2231 955 2320 ‚exscripsit
969 2231 1054 2297 filius
1078 2249 1169 2297 meus
1185 2231 1328 2312 Isaacus,
1353 2236 1468 2311 aperte

286 2344 347 2420 est,
372 2332 407 2398 ἐκ
431 2339 494 2399 τῶν
515 2333 690 2417 Ιάμβλίχου
715 2333 1233 2420 (310)’ἱστοριαῖνἙαβυλωνιακῶπ
1272 2337 1469 2404 Inseribitun·

286 2444 319 2508 id
330 2444 500 2511 Iamblichi
510 2443 740 2526 fragmentum,
755 2444 835 2527 Περὶ
844 2435 1467 2527 προόδού1ὂῢΒαβυλωνίωνβασιλὲως“.
1488 2439 1492 2446 ’

378 2567 514 2634 Secutus
548 2572 599 2634 est
628 2569 735 2634 Isaaci
768 2575 801 2635 et
833 2567 1099 2635 Joauuis''Vdssi
1135 2569 1315 2635 doctrinam
1346 2569 1468 2634 Paulus

290 2674 489 2740 Colomesius
512 2675 545 2740 in
571 2674 743 2755 Opusculis
767 2673 875 2757 (Paris
900 2672 1053 2759 nteepp.
1079 2674 1130 2758 16,
1159 2677 1215 2741 ubi
1243 2677 1313 2757 ipse
1342 2694 1470 2755 quoque

289 2781 409 2864 integri
441 2780 633 2848 Iambliohei
665 2782 784 2848 codicis
815 2782 1032 2850 bibliothecae
1066 2783 1236 2850 Scoriacae
1272 2784 1468 2849 mentionem

289 2888 379 2971 tacit,
405 2907 500 2968 quem
523 2887 611 2954 fama
626 2889 854 2971 pervulgatum
876 2907 941 2955 non
957 2890 1021 2955 iam
1045 2896 1158 2957 extare
1175 2890 1270 2956 valde
1294 2887 1468 2957 dolendum

290 3003 351 3078 est,
376 3000 409 3061 et
432 2994 622 3061 Beruardus
646 2995 687 3060 de
710 2995 928 3079 Montlaucon,
953 2997 1007 3076 qui
1035 2998 1068 3062 iu
1092 2997 1369 3064 Bibliothecarum
1392 3014 1468 3061 mss.

289 3102 306 3167 Ι
324 3098 409 3166 1739
427 3122 456 3183 p.
473 3099 538 3164 349
556 3100 596 3165 ad
612 3102 684 3182 plut
699 3101 793 3167 LVII
807 3102 848 3165 12
865 3103 999 3169 adnotat
1018 3105 1235 3186 ,Parecbolae
1249 3123 1289 3170 ex
1302 3103 1470 3183 Callinico,

290 3203 434 3272 Adriano
447 3203 602 3303 ¹Rhetore,
618 3206 790 3274 Iamblichi
801 3209 939 3275 historia
951 3210 1160 3292 Babylonica,
1174 3210 1316 3276 Diodoro
1329 3208 1469 3292 Siculd‘.

381 3322 612 3390 Verumtamen
648 3323 689 3389 de
720 3324 839 3389 codicis
871 3326 1064 3392 auctoritate
1094 3325 1327 3393 dubitaverunt
1357 3325 1470 3391 Dela

290 3430 450 3496 Roohette
479 3430 650 3512 Melanges
678 3429 719 3497 de
747 3431 885 3511 critique
913 3437 948 3497 et
975 3432 1016 3498 de
1044 3432 1218 3516 philologie
1249 3430 1347 3514 1812,
1378 3430 1471 3498 euius

291 3535 509 3602 dubitationes
543 3537 635 3603 auxit
663 3536 695 3602 J.
719 3537 753 3603 0.
777 3537 918 3603 Orellius
941 3538 961 3603 l.
985 3539 1004 3602 l.
1029 3558 1059 3619 p.
1082 3536 1158 3620 204,
1183 3545 1217 3604 et
1239 3539 1275 3604 P.
1291 3539 1470 3604 Holmann·

291 3642 487 3723 Peerlkamp
518 3642 723 3710 Bibliotheca
755 3645 868 3709 critica
903 3663 987 3712 nova
1018 3645 1053 3710 II
1083 3644 1168 3709 1826
1199 3665 1229 3725 p.
1263 3643 1343 3719 224,
1379 3646 1470 3711 cuius

292 3749 490 3816 sententiam
515 3749 642 3830 excepit
666 3748 786 3834 deor).
916 3815 923 3834 ,

381 3864 445 3932 Sed
465 3865 549 3945 quod
565 3865 619 3932 hic
635 3865 762 3947 obiecit,
787 3865 944 3932 refutavit
966 3865 1004 3932 R.
1021 3867 1170 3934 Hercher
1193 3867 1333 3934 Hermes
1349 3867 1366 3932 Ι
1382 3865 1472 3929 1866

293 3993 322 4053 p.
338 3969 404 4036 363
428 3972 511 4055 adn,
536 3971 619 4053 quod
636 3972 703 4054 ille,
721 3972 757 4037 hl.
774 3971 897 4054 Rohde,
922 3973 1351 4055 De1·griechiseheRoman
1369 3969 1472 4036 19002

292 4099 323 4160 p.
347 4079 412 4143 369
437 4078 510 4144 adn.
535 4077 565 4160 2,
590 4075 657 4143 370
680 4079 753 4144 adn.
778 4083 807 4154 1,
833 4077 908 4159 378,
933 4076 998 4143 380
1021 4079 1074 4145 fin.

386 4272 406 4342 ¹)
422 4273 578 4337 Catalogns
592 4271 729 4324 librorum
743 4271 998 4338 manuscriptorum
1010 4273 1058 4338 qui
1070 4273 1135 4325 inde
1150 4274 1185 4325 ab
1199 4290 1273 4325 aurio
1287 4273 1474 4326 1111111160·

293 4362 392 4413 thecae
418 4361 694 4427 Lugduno·Batavae
713 4367 893 4412 accesserunt
913 4361 981 4411 1852
1000 4378 1026 4428 p.
1046 4363 1089 4427 24,
1109 4362 1151 4414 tit.
1173 4362 1214 4412 72.
