3402 5066
775 447 976 508 ..6-

380 623 498 691 11129
528 623 558 687 οἱ
584 619 648 686 δ’ἐκ
676 631 741 685 τῶν
770 621 959 711 ἀνεψιαδῶν
982 622 1128 711 ἀλληλοις
1156 619 1327 710 ἒξανέψιοί
1351 644 1387 687 τε
1414 623 1473 687 καὶ

295 727 474 817 ἔξανέψιαι.
499 734 602 815 τούτῳ
626 727 662 792 δὲ
689 733 733 816 τῷ
758 730 895 811 ὀνόματι
922 731 959 794 οδ
983 734 1073 794 πάνυ
1095 735 1296 815 τετριμμένῳ
1320 735 1471 816 κέχρηται

295 837 496 920 Μένανδρος,
529 823 554 919 ᾧ
578 834 631 900 ἀεὶ
652 833 715 917 μὲν
738 839 776 900 ori
799 841 955 921 χρηστέον
978 840 1020 908 ὡς
1044 838 1101 900 οὐκ
1126 835 1261 919 ἀκριβῶς
1284 832 1473 922 Ἑλληνικῷ,

292 941 351 1008 ἐπὶ
373 943 409 1007 δέ
432 951 496 1006 τῶν
520 940 794 1023 ἀκατονομάστων
817 948 1025 1006 πιστευτέον·
1049 927 1094 1006 ὧν
1117 943 1177 1028 γάρ
1201 952 1303 1023 γενῶν
1324 941 1342 1030 ἢ
1369 964 1471 1027 πραγ·

292 1055 405 1130 μάτων
433 1047 449 1136 η
476 1052 648 1134 κτημάτων
672 1049 818 1129 ὀνόματα
846 1046 927 1133 παρ’
943 1050 1051 1122 ἄλλοις
1080 1051 1137 1113 οὐκ
1161 1045 1238 1130 ἔστη
1266 1059 1370 1114 ταῦτα
1395 1048 1470 1129 ἀγα-

294 1158 400 1240 πητόν
423 1149 465 1248 ἂν
488 1153 538 1240 εἴη
562 1157 618 1219 καὶ
641 1154 733 1238 παρὰ
756 1161 873 1219 τούτου
896 1157 1017 1239 λαβεῖν.

385 1264 455 1329 vll.
479 1263 521 1327 28
551 1263 587 1326 τδ
615 1261 650 1326 δὲ
675 1267 779 1343 ὄνομα
810 1264 1039 1349 όνακοτόλτης
1068 1262 1099 1326 εἰ
1125 1264 1179 1327 καὶ
1206 1264 1359 1352 Φιλήμων
1382 1265 1475 1348 αὐτῷ

299 1375 452 1454 κέχρηται
474 1367 510 1432 έν
533 1363 769 1458 Ἁρπαζομένῃ,
798 1366 867 1433 ἀλλ’
891 1372 948 1434 οὐκ
972 1369 1119 1454 ἀνεκτόν,
1143 1369 1240 1459 εἰμὴ
1262 1372 1300 1434 τό
1323 1373 1409 1457 ῥῆμα
1432 1353 1474 1453 ἦν

296 1472 332 1539 ἐν
347 1478 458 1563 χρήσει
474 1476 705 1559 παλαιότερον·
722 1480 828 1539 καίτοι
850 1476 919 1557 όγε
936 1481 1093 1560 Κρατῖνος
1109 1474 1145 1540 έν
1165 1476 1475 1560 Διονυσαλεξάνδρῳ

293 1583 384 1669 φησὶ·
409 1583 596 1654 νακότιλτος
619 1577 757 1667 ὦςπερεὶ
779 1583 938 1666 κωδάριον
961 1580 1150 1669 ἐφαινόμην.

383 1689 449 1755 Vir
469 1690 532 1754 111
557 1677 604 1760 οἷς
628 1693 829 1774 προςδετέον
846 1690 895 1753 ότι
917 1683 1105 1778 ἣνὍιιηρος
1128 1689 1190 1772 μέν
1205 1689 1312 1776 εἴρηκε
1327 1691 1475 1775 κορώνην

294 1795 327 1858 οἱ
349 1795 384 1859 δέ
407 1804 468 1858 νῦν
491 1801 624 1880 κόρακα,
650 1797 748 1867 οὕτως
772 1798 918 1876 ὠνόμασε
942 1798 996 1860 καὶ
1021 1798 1246 1869 Ποσείδιππος
1269 1791 1305 1858 ἐν
1328 1795 1472 1881 Γαλάτη,

297 1900 419 1966 εἰπὼν·
443 1906 557 1985 κόρακι
579 1898 703 1966 κλείεδ’
726 1902 745 1991 η
769 1906 865 1986 θύρα.
891 1900 959 1967 ἔστι
981 1903 1043 1983 μέν
1067 1897 1124 1966 οδν
1149 1905 1186 1967 οὐ
1210 1907 1381 1988 κεκριμένη
1405 1909 1472 1973 τοῖς

296 2008 417 2098 νέοιςη
441 2006 542 2095 quior),
566 2008 710 2093 ληπτέον
725 2008 760 2073 δέ
783 2010 838 2074 καὶ
861 2009 901 2073 τὰ
926 2014 1060 2092 σπάνια,
1085 2008 1117 2074 εἰ
1135 2009 1249 2097 καὶμὴ
1267 2006 1347 2093 παρ’
1364 2010 1476 2072 αὐτῶν

296 2114 346 2200 εἴη
368 2119 514 2198 χρηστέα.

355 2276 360 2289 ,
386 2221 517 2288 Veteris
539 2223 639 2298 igitur
654 2222 770 2289 Pollux
793 2225 977 2292 comoediae
1000 2213 1148 2291 auctores
1165 2225 1349 2290 auctoribus
1369 2240 1476 2288 novae

297 2329 465 2409 anteponit
486 2347 593 2410 neque
616 2330 730 2396 horum
744 2349 841 2397 vooes
865 2350 901 2399 se
925 2331 1044 2397 afferre
1059 2331 1145 2398 velle
1168 2331 1248 2395 dioit
1270 2331 1335 2396 nisi
1359 2337 1415 2395 aut
1431 2333 1474 2396 ab

298 2436 536 2516 antiquioribus
572 2437 637 2502 iem
669 2437 832 2503 adhibitas
862 2439 1025 2504 invenerit
1057 2448 1114 2504 out
1148 2437 1232 2518 upuri
1272 2438 1476 2518 antiquiores

297 2561 405 2608 rerum
429 2544 558 2608 nomina
577 2543 700 2610 frustra
722 2544 982 2626 investigaverit.
1022 2545 1093 2627 Qun
1116 2544 1156 2610 de
1176 2563 1274 2610 eausa
1296 2545 1416 2624 evenit,
1438 2549 1478 2609 ut

386 2649 610 2716 Philemonem
634 2649 697 2715 VII
721 2648 762 2713 28
787 2648 1001 2735 (νακοτίλτης)

388 2755 593 2822 Philonidem
615 2756 668 2820 ΙΙΙ
693 2755 755 2822 101
780 2751 979 2841 (ἐπιχάρτης)

390 2863 600 2944 Posidippum
624 2863 676 2927 III
700 2859 762 2927 101
787 2857 979 2948 (ἐπίχαρμα)

387 2970 601 3035 Menandrum
625 2988 852 3050 nonnunquam
876 2972 1029 3054 castiget:

459 3074 724 3157 Iwuoo

441 3182 473 3245 II
520 3178 562 3242 82
585 3181 711 3264 φαῦλον
734 3178 786 3244 δ’ὁ
811 3184 1007 3266 Μενάνδρου
1032 3182 1195 3272 άκουσιης.

437 3288 481 3352 VI
528 3285 570 3349 25
594 3290 612 3349 ό
635 3286 695 3372 γὰρ
716 3292 860 3369 μέθυσος
884 3284 943 3352 ἐπὶ
971 3287 1095 3373 ἀνδρῶν
1116 3291 1298 3375 Μενάνδρῳ
1321 3290 1476 3354 δεδόσθω,

436 3394 482 3458 VI
528 3394 570 3460 38
596 3399 816 3480 παμπόνηρον
839 3395 874 3459 δὲ
897 3398 915 3457 ό
940 3399 1135 3481 Μενάνδρου
1159 3397 1352 3482 όηιωνισμός.

436 3501 482 3564 VI
506 3500 569 3566 161
594 3510 658 3563 τῶν
689 3506 804 3580 μέντοι
839 3504 1034 3587 Μενάνδρου
1073 3504 1109 3566 τό
1145 3503 1208 3583 μὲν
1248 3501 1384 3590 ἡμαμυὲς
1421 3503 1476 3565 καλ

622 3608 803 3696 ἡμίγραφον
831 3609 960 3692 άνεκτά,
993 3611 1030 3672 ιδ
1058 3608 1093 3673 δὲ
1122 3609 1360 3698 ἡμιλάσταυρον
1385 3631 1478 3689 παμ-

624 3715 776 3796 πόνηρον.

440 3820 490 3884 IX
516 3814 578 3902 139
601 3816 724 3900 φαῦλος
746 3817 806 3901 γάρ
829 3821 847 3880 ό
871 3819 1067 3902 Μενάνδρου
1092 3824 1315 3892 νουθετισμός.

303 4192 356 4241 Αν.
371 4191 424 4241 839
441 4193 478 4255 (ν.
493 4191 599 4254 ochoi),
621 4191 670 4240 125
684 4186 817 4258 κονιατῆν
832 4205 866 4240 ex
883 4190 935 4240 Av.
955 4191 1031 4252 1150,
1052 4187 1136 4254 τάκοι,
1157 4195 1275 4253 τικίζειυ
1293 4208 1328 4243 ex
1339 4194 1393 4243 Av.
1409 4191 1481 4242 1188

303 4281 339 4344 (ν.
350 4279 457 4346 ochoi),
470 4274 634 4349 διιαγωγεάς
647 4293 681 4328 ex
692 4279 743 4331 Av.
755 4279 824 4328 1118
834 4279 872 4346 (ν.
886 4279 993 4344 ochoi),
1008 4279 1124 4338 πέλεκυς
1136 4295 1173 4330 ex
1180 4281 1232 4331 Αν.
1246 4282 1357 4348 115501.
1369 4281 1480 4348 sohol.)q

303 4364 403 4430 κανού,
423 4365 550 4436 διαμήιης
570 4383 603 4419 ex
623 4367 674 4416 Αν.
695 4367 763 4416 1002
771 4383 812 4432 sq.
