3402 5066
723 416 946 482 „71-

337 593 465 661 Deinde
489 613 561 659 cum
586 612 627 660 ex
649 595 833 661 Heraclidis
862 602 897 661 et
918 596 1070 662 Damiani
1094 597 1171 665 vitis
1196 599 1236 664 de
1258 598 1428 665 Hadriano

246 703 308 767 hoc
346 702 476 781 quidem
513 702 582 768 loco
621 701 814 768 concludere
853 703 899 767 uil
939 703 1109 786 possimus,
1143 713 1348 772 transeamus
1384 707 1425 771 ad

245 809 450 888 Apollonium
482 807 719 889 Naucratitam,
760 809 801 874 de
833 828 896 888 quo
926 810 1144 876 Philostratus
1175 812 1257 878 haec
1288 812 1424 893 profert,

247 933 329 994 quae
353 914 393 979 ad
417 921 560 980 nostram
586 915 806 995 quaestionem
830 917 996 995 pertinent
1017 917 1068 999 (V.
1088 916 1118 983 S.
1134 916 1249 1002 ΙΙ19);
1276 916 1309 1002 1)
1334 938 1424 1002 περι·

245 1018 322 1107 βολὴ
353 1018 412 1104 γὰρ
441 1021 579 1084 ἄπεστιν
611 1021 711 1083 αὐτοῦ
740 1020 794 1083 καὶ
827 1030 967 1101 πνεῦμα.
1022 1023 1054 1104 2)
1082 1015 1245 1106 Ἀδριανοῦ
1277 1022 1339 1104 μὲν
1369 1025 1427 1087 καὶ

246 1129 397 1213 Χρήστοο
421 1135 485 1188 τῶν
509 1136 668 1209 σοφιστῶν
692 1125 850 1215 ἀκροατὴς
875 1123 1012 1207 ἐγένετο,
1042 1127 1165 1212 ἀμφοῖν
1193 1126 1424 1216 δ’ἀφέστηκεν,

247 1233 324 1295 ὅσον
352 1231 383 1295 οἱ
405 1231 448 1320 μὴ
475 1231 677 1305 ἀκούσαντες.
708 1229 834 1319 ἐφεώρα
858 1234 892 1298 δὲ
916 1235 974 1307 τὰς
997 1236 1175 1308 ὑποθέσεις
1197 1237 1340 1310 onerabo
1361 1236 1425 1316 μὲν

245 1348 303 1402 τοῦ
318 1348 439 1423 κοινοῦ,
456 1340 568 1425 καιρδν
580 1339 615 1403 δὲ
633 1341 735 1404 πλείω
750 1350 804 1403 τοῦ
818 1344 1006 1426 ξομμὲτρου.
1030 1344 1196 1425 Improbat
1205 1345 1425 1412 Philostratus

223 1447 463 1530 apollonium,
488 1449 572 1528 quod
596 1446 771 1535 περιβολὴν
794 1455 828 1514 et
854 1457 984 1529 πνεῦμα
1008 1449 1206 1533 neglexerit,¹
1234 1470 1316 1531 quae
1340 1453 1424 1517 bono

247 1555 366 1620 oratori
383 1554 567 1620 adhibenda
583 1556 659 1638 sint,
683 1562 751 1622 tum
770 1556 854 1635 quod
871 1556 1059 1624 facultatem
1076 1576 1117 1623 ex
1132 1570 1277 1637 tempore
1296 1558 1425 1624 dicendi

245 1679 308 1725 uon
332 1661 492 1727 hahuerit.
538 1661 723 1727 Hadrianus
746 1663 849 1745 igitur
872 1664 911 1728 ob
942 1664 1027 1728 hauc
1050 1663 1238 1729 facultatem
1262 1663 1423 1745 laudatur,

246 1785 328 1846 quae
344 1767 476 1833 minime
492 1768 675 1834 asianorum
697 1770 828 1850 propria
844 1776 904 1850 est,
930 1775 963 1834 et
982 1772 1022 1835 oh
1040 1766 1215 1856 περιβολὴν
1231 1777 1265 1836 et
1282 1777 1424 1852 πνεῦμα,

247 1892 329 1954 quae
351 1875 416 1954 ipsi
438 1875 652 1942 Demostheni
674 1876 861 1941 tribuuntur
871 1876 905 1959 l).

336 1978 400 2046 Sed
431 1981 495 2045 iam
523 1981 671 2047 venimus
704 1982 745 2046 ad
775 1983 927 2063 graviora
956 2001 1038 2062 quae
1069 1984 1266 2065 colliguntur
1290 2002 1330 2048 ex
1356 1983 1426 2049 vita

246 2086 356 2168 Cyrini
385 2086 436 2168 (V.
460 2087 490 2152 S.
514 2087 547 2152 II
572 2086 642 2164 29);
672 2087 705 2172 1)
728 2093 906 2168 κομματίας
935 2089 952 2149 δ
982 2087 1134 2176 σοφιστὴς
1157 2079 1246 2160 οὗτος
1269 2092 1323 2151 καὶ
1347 2091 1426 2172 περὶ

245 2191 308 2273 μὲν
331 2190 371 2254 τὰ
395 2193 512 2256 dcccxci
528 2203 592 2256 τῶν
615 2197 739 2279 χωρίων
753 2197 792 2258 οὐ
813 2195 922 2272 πολύς,
948 2191 1124 2279 ἐρρωμένος
1139 2195 1205 2284 μὴν
1221 2196 1276 2259 καὶ
1293 2196 1425 2278 σφοδρδς

246 2299 300 2363 καὶ
316 2308 504 2364 κατασεῑσαι
519 2301 623 2373 δεινδς
640 2300 797 2386 ἀκροατοῦ
813 2285 896 2365 ὦτα·
914 2301 1043 2384 καὶγὰρ
1060 2301 1098 2390 δὴ
1115 2303 1169 2365 καὶ
1186 2301 1424 2381 ἀπεσχεδίαζεν.

246 2406 280 2490 2)
297 2403 464 2493 Ἀδριανοῦ
487 2403 677 2494 δ’ἀκροατὴς
699 2413 871 2488 γενόμενος
892 2405 929 2472 οδ
955 2415 1057 2472 πᾶσιν
1080 2403 1232 2490 ὡμολόγει
1256 2416 1319 2480 τοῖς
1342 2403 1425 2470 ἐκεί-

247 2535 312 2592 νο,
338 2511 408 2579 ἀλλ’
432 2511 522 2578 ἔστιν
546 2515 567 2578 ἃ
591 2515 645 2579 καὶ
669 2516 843 2600 διέγραφεν
866 2517 923 2579 οὐκ
948 2517 1053 2601 ὀρθῶς
1077 2513 1238 2601 εἰρημένα.

337 2625 481 2689 Primum
505 2624 723 2690 Philostratus
748 2624 859 2706 Cyriui
883 2627 954 2690 cola
977 2626 1100 2690 minuta
1124 2630 1303 2690 memoratu
1326 2623 1425 2706 digna

247 2735 361 2796 censet
384 2738 419 2797 et
441 2731 654 2796 acerbitatem
679 2730 887 2814 (σφοδρότης),
913 2751 1091 2812 quaecum
1116 2732 1226 2812 parvis
1251 2731 1329 2797 colis
1353 2748 1426 2797 cou-

247 2837 359 2902 iuncta
390 2855 464 2904 esse
488 2836 616 2922 solem),
640 2843 709 2903 tum
741 2854 813 2904 eum
837 2843 971 2918 propter
1002 2838 1189 2904 facultatem
1215 2856 1256 2904 ex
1278 2845 1424 2917 tempore

248 2943 378 3009 dicendi
408 2945 527 3010 laudat.
579 2943 704 3026 Quibus
734 2944 769 3008 in
799 2945 897 3010 rebus
928 2963 1000 3009 cum
1030 2944 1196 3010 Hadriano
1227 2945 1298 3008 sine
1329 2943 1425 3008 dubio

248 3051 422 3126 consentit;
462 3058 496 3116 et
534 3069 728 3131 quamquam
765 3051 914 3117 omnibus
952 3052 986 3115 in
1016 3053 1114 3117 rebus
1145 3049 1214 3116 eius
1243 3067 1424 3116 sermonem

250 3164 420 3224 assecutus
451 3175 515 3223 uon
546 3163 612 3240 est,
652 3164 762 3224 tamen
794 3159 961 3224 verborum
996 3158 1156 3224 delectum
1187 3158 1256 3224 fere
1287 3155 1424 3223 eundem

248 3264 328 3330 fecit
350 3264 422 3346 ipse
446 3282 571 3345 quoque
600 3266 657 3326 οὐκ
682 3263 787 3347 ὀρθῶς
811 3260 964 3348 εἰρημένα
993 3264 1157 3347 cavens³).
1205 3264 1294 3330 Haec
1317 3262 1425 3342 quana

247 3371 465 3438 Philostratus
495 3372 708 3455 intellexerit,
738 3380 873 3452 apparet
901 3391 940 3438 ex
969 3371 1133 3437 nonnullis
1156 3371 1246 3450 locis,
1278 3368 1368 3436 velut
1391 3368 1424 3432 ΙΙ

251 3478 358 3562 1,14,
391 3477 503 3561 1131,
529 3478 559 3562 2,
592 3477 686 3561 125,
711 3478 741 3560 2,
776 3480 830 3560 qni
859 3479 1083 3544 demonstrant
1104 3478 1336 3544 Philostratum
1365 3473 1424 3562 τὴν

248 3585 350 3668 ἄκραν
371 3581 505 3650 Ἀτθίδα
522 3585 606 3670 (sivo
626 3583 686 3673 τὴν
700 3579 867 3670 καθαρὰν)
874 3585 900 3670 ⁴)
919 3585 1085 3667 praeferre
1101 3587 1141 3670 τῇ
1156 3580 1423 3670 διεφθαρμένῃδμ

338 3817 358 3883 ¹)
377 3817 545 3881 Volkmann,
563 3817 616 3869 Die
634 3817 772 3869 Rhetorik
792 3817 840 3868 der
859 3816 998 3868 Griaohon
1017 3815 1075 3866 und
1093 3815 1197 3867 Romor
1217 3812 1302 3864 1885*
1321 3828 1347 3878 p.
1362 3811 1423 3861 560.

338 3906 358 3972 2)
378 3907 538 3959 Volkmann
557 3908 575 3958 l.
594 3909 611 3960 l.
631 3923 658 3973 p.
679 3906 738 3962 559.

338 3992 361 4062 3)
380 3993 419 4048 De
439 3992 604 4068 διαγράφειν
623 4011 693 4048 voce
712 3995 773 4060 agit
790 3995 904 4047 Loheck
921 3994 1102 4060 Phrynichus
1121 4011 1147 4060 p.
1167 3993 1227 4045 390.

338 4081 361 4147 4)
381 4084 410 4134 si
429 4085 505 4149 quod
524 4084 558 4136 de
577 4090 662 4150 gente
681 4083 785 4136 dicitur
803 4084 839 4134 ad
857 4082 984 4147 huguam
1003 4082 1209 4135 transtulimus.

339 4173 359 4239 ⁵)
379 4173 435 4234 Qui
454 4189 546 4224 sermo
566 4172 651 4225 etiam
670 4174 807 4224 barbarus
827 4171 929 4224 dicitur
948 4189 965 4224 a
983 4171 1145 4237 Phrynicho
1169 4186 1196 4220 n.
1215 4170 1268 4220 319
1286 4185 1313 4235 p.
1332 4167 1386 4218 426
1398 4167 1425 4218 R

248 4261 301 4312 339
320 4261 351 4312 L.
388 4261 487 4328 Neque
511 4261 600 4328 igitur
617 4262 770 4328 Lucienus,
789 4261 839 4312 Bis
859 4276 951 4313 accus.
971 4262 1004 4312 ‘27
1025 4257 1173 4332 (βάρβαρον
1193 4259 1232 4312 ἔτι
1253 4255 1303 4328 τὴν
1317 4255 1423 4326 φωνην)

251 4349 319 4402 dicit
338 4366 368 4403 se
388 4351 523 4403 Graecam
543 4351 670 4416 linguam
693 4351 900 4404 adulescentem
920 4350 1029 4402 demum
1049 4349 1187 4414 didicisse,
1211 4363 1296 4414 quam
1315 4353 1425 4398 senten-
