<?xml version="1.0" encoding="UTF-8"?>
<!DOCTYPE html PUBLIC "-//W3C//DTD XHTML 1.0 Transitional//EN"
    "http://www.w3.org/TR/xhtml1/DTD/xhtml1-transitional.dtd">
<html xmlns="http://www.w3.org/1999/xhtml" xml:lang="en" lang="en">
 <head>
  <title>
</title>
<meta http-equiv="Content-Type" content="text/html;charset=utf-8" />
  <meta name='ocr-system' content='tesseract 3.04.00' />
  <meta name='ocr-capabilities' content='ocr_page ocr_carea ocr_par ocr_line ocrx_word'/>
</head>
<body>
  <div class='ocr_page' id='page_1' title='image "./depollucisetphr00naecgoog_0052.png"; bbox 0 0 3402 5066; ppageno 0'>
   <div class='ocr_carea' id='block_1_1' title="bbox 732 433 954 498">
    <p class='ocr_par' dir='ltr' id='par_1_1' title="bbox 732 433 954 498">
     <span class='ocr_line' id='line_1_1' title="bbox 732 433 954 498; baseline 0 -18"><span class='ocrx_word' id='word_1_1' title='bbox 732 433 954 498; x_wconf 76' lang='lat'>..39-</span> 
     </span>
    </p>
   </div>
   <div class='ocr_carea' id='block_1_2' title="bbox 242 610 1421 1333">
    <p class='ocr_par' dir='ltr' id='par_1_2' title="bbox 242 610 1421 1333">
     <span class='ocr_line' id='line_1_2' title="bbox 335 610 1419 696; baseline 0.003 -20"><span class='ocrx_word' id='word_1_2' title='bbox 335 612 384 677; x_wconf 92' lang='lat' dir='ltr'>Ac</span> <span class='ocrx_word' id='word_1_3' title='bbox 414 612 553 692; x_wconf 91' lang='lat' dir='ltr'>primum</span> <span class='ocrx_word' id='word_1_4' title='bbox 585 611 714 691; x_wconf 90' lang='lat' dir='ltr'>quidem</span> <span class='ocrx_word' id='word_1_5' title='bbox 749 611 935 678; x_wconf 74' lang='lat' dir='ltr'>Theodotus</span> <span class='ocrx_word' id='word_1_6' title='bbox 968 610 1144 696; x_wconf 80' lang='lat' dir='ltr'>discipulus</span> <span class='ocrx_word' id='word_1_7' title='bbox 1178 624 1249 679; x_wconf 87' lang='lat' dir='ltr'>erat</span> <span class='ocrx_word' id='word_1_8' title='bbox 1278 613 1419 679; x_wconf 89' lang='lat' dir='ltr'>Lolliaui</span> 
     </span>
     <span class='ocr_line' id='line_1_3' title="bbox 243 717 1418 805; baseline 0 -19"><span class='ocrx_word' id='word_1_9' title='bbox 243 718 294 805; x_wconf 87' lang='lat' dir='ltr'>(V.</span> <span class='ocrx_word' id='word_1_10' title='bbox 312 718 342 784; x_wconf 94' lang='lat' dir='ltr'>S.</span> <span class='ocrx_word' id='word_1_11' title='bbox 364 719 398 783; x_wconf 91' lang='grc' dir='ltr'><em>Π</em></span> <span class='ocrx_word' id='word_1_12' title='bbox 415 717 444 800; x_wconf 90' lang='grc'>2,</span> <span class='ocrx_word' id='word_1_13' title='bbox 463 717 506 801; x_wconf 98' lang='grc'>2),</span> <span class='ocrx_word' id='word_1_14' title='bbox 530 726 566 784; x_wconf 94' lang='lat' dir='ltr'>ut</span> <span class='ocrx_word' id='word_1_15' title='bbox 588 719 788 785; x_wconf 75' lang='lat' dir='ltr'>Theodotum</span> <span class='ocrx_word' id='word_1_16' title='bbox 812 725 889 786; x_wconf 88' lang='lat' dir='ltr'>ante</span> <span class='ocrx_word' id='word_1_17' title='bbox 912 719 1095 786; x_wconf 86' lang='lat' dir='ltr'>Lollianum</span> <span class='ocrx_word' id='word_1_18' title='bbox 1118 721 1306 787; x_wconf 83' lang='lat' dir='ltr'><strong>cathedram</strong></span> <span class='ocrx_word' id='word_1_19' title='bbox 1329 737 1418 787; x_wconf 88' lang='lat' dir='ltr'>acce·</span> 
     </span>
     <span class='ocr_line' id='line_1_4' title="bbox 243 826 1419 908; baseline 0.002 -18"><span class='ocrx_word' id='word_1_20' title='bbox 243 826 333 907; x_wconf 81' lang='lat' dir='ltr'>pisse</span> <span class='ocrx_word' id='word_1_21' title='bbox 355 826 491 908; x_wconf 78' lang='lat' dir='ltr'>cogitari</span> <span class='ocrx_word' id='word_1_22' title='bbox 515 830 664 905; x_wconf 79' lang='lat' dir='ltr'>nequeat.</span> <span class='ocrx_word' id='word_1_23' title='bbox 710 826 825 906; x_wconf 90' lang='lat' dir='ltr'>Itaque</span> <span class='ocrx_word' id='word_1_24' title='bbox 849 844 920 892; x_wconf 90' lang='lat' dir='ltr'>cum</span> <span class='ocrx_word' id='word_1_25' title='bbox 943 827 1162 893; x_wconf 82' lang='lat' dir='ltr'>Philostratus</span> <span class='ocrx_word' id='word_1_26' title='bbox 1190 828 1300 894; x_wconf 67' lang='lat' dir='ltr'>cadat</span> <span class='ocrx_word' id='word_1_27' title='bbox 1324 826 1419 892; x_wconf 91' lang='lat' dir='ltr'>Lolli·</span> 
     </span>
     <span class='ocr_line' id='line_1_5' title="bbox 243 932 1421 1015; baseline -0.001 -17"><span class='ocrx_word' id='word_1_28' title='bbox 243 952 340 998; x_wconf 87' lang='lat' dir='ltr'>anum</span> <span class='ocrx_word' id='word_1_29' title='bbox 352 933 491 1014; x_wconf 90' lang='lat' dir='ltr'>primum</span> <span class='ocrx_word' id='word_1_30' title='bbox 503 932 678 998; x_wconf 83' lang='lat' dir='ltr'>cathedrae</span> <span class='ocrx_word' id='word_1_31' title='bbox 691 933 882 1014; x_wconf 83' lang='lat' dir='ltr'>praefuisse,</span> <span class='ocrx_word' id='word_1_32' title='bbox 896 933 1096 1000; x_wconf 79' lang='lat' dir='ltr'>Theodotum</span> <span class='ocrx_word' id='word_1_33' title='bbox 1108 935 1247 1015; x_wconf 91' lang='lat' dir='ltr'>primum</span> <span class='ocrx_word' id='word_1_34' title='bbox 1260 933 1421 1010; x_wconf 89' lang='lat' dir='ltr'>stipendio</span> 
     </span>
     <span class='ocr_line' id='line_1_6' title="bbox 242 1039 1419 1122; baseline 0.002 -18"><span class='ocrx_word' id='word_1_35' title='bbox 242 1039 335 1122; x_wconf 84' lang='lat' dir='ltr'>regio</span> <span class='ocrx_word' id='word_1_36' title='bbox 359 1043 506 1105; x_wconf 89' lang='lat' dir='ltr'>ornatum</span> <span class='ocrx_word' id='word_1_37' title='bbox 528 1039 589 1104; x_wconf 92' lang='lat' dir='ltr'>hoc</span> <span class='ocrx_word' id='word_1_38' title='bbox 605 1057 721 1106; x_wconf 84' lang='lat' dir='ltr'>munus</span> <span class='ocrx_word' id='word_1_39' title='bbox 743 1040 854 1122; x_wconf 91' lang='lat' dir='ltr'>inisse,</span> <span class='ocrx_word' id='word_1_40' title='bbox 879 1040 1134 1107; x_wconf 87' lang='lat' dir='ltr'>concludendum</span> <span class='ocrx_word' id='word_1_41' title='bbox 1157 1047 1210 1108; x_wconf 90' lang='lat' dir='ltr'>est</span> <span class='ocrx_word' id='word_1_42' title='bbox 1230 1041 1419 1108; x_wconf 80' lang='lat' dir='ltr'>cathedram</span> 
     </span>
     <span class='ocr_line' id='line_1_7' title="bbox 244 1146 1421 1227; baseline -0.001 -15"><span class='ocrx_word' id='word_1_43' title='bbox 244 1146 454 1227; x_wconf 83' lang='lat' dir='ltr'>sophisticam</span> <span class='ocrx_word' id='word_1_44' title='bbox 470 1146 534 1212; x_wconf 89' lang='lat' dir='ltr'>iam</span> <span class='ocrx_word' id='word_1_45' title='bbox 552 1151 630 1213; x_wconf 88' lang='lat' dir='ltr'>anto</span> <span class='ocrx_word' id='word_1_46' title='bbox 643 1146 803 1212; x_wconf 80' lang='lat' dir='ltr'>Theodoti</span> <span class='ocrx_word' id='word_1_47' title='bbox 819 1151 961 1213; x_wconf 88' lang='lat' dir='ltr'>aetatem</span> <span class='ocrx_word' id='word_1_48' title='bbox 978 1147 1140 1215; x_wconf 90' lang='lat' dir='ltr'>conditam</span> <span class='ocrx_word' id='word_1_49' title='bbox 1156 1166 1240 1225; x_wconf 89' lang='lat' dir='ltr'>esse,</span> <span class='ocrx_word' id='word_1_50' title='bbox 1265 1148 1421 1214; x_wconf 89' lang='lat' dir='ltr'>salarium</span> 
     </span>
     <span class='ocr_line' id='line_1_8' title="bbox 245 1252 1223 1333; baseline 0.003 -16"><span class='ocrx_word' id='word_1_51' title='bbox 245 1254 357 1318; x_wconf 90' lang='lat' dir='ltr'>decem</span> <span class='ocrx_word' id='word_1_52' title='bbox 380 1252 504 1318; x_wconf 91' lang='lat' dir='ltr'>milium</span> <span class='ocrx_word' id='word_1_53' title='bbox 527 1270 667 1318; x_wconf 90' lang='lat' dir='ltr'>annuum</span> <span class='ocrx_word' id='word_1_54' title='bbox 692 1253 794 1333; x_wconf 89' lang='lat' dir='ltr'>primo</span> <span class='ocrx_word' id='word_1_55' title='bbox 818 1253 983 1319; x_wconf 84' lang='lat' dir='ltr'>Theodoto</span> <span class='ocrx_word' id='word_1_56' title='bbox 1008 1273 1080 1321; x_wconf 91' lang='lat' dir='ltr'>esse</span> <span class='ocrx_word' id='word_1_57' title='bbox 1104 1254 1223 1320; x_wconf 90' lang='lat' dir='ltr'>datum.</span> 
     </span>
    </p>
   </div>
   <div class='ocr_carea' id='block_1_3' title="bbox 245 1376 1423 2527">
    <p class='ocr_par' dir='ltr' id='par_1_3' title="bbox 245 1376 1423 2527">
     <span class='ocr_line' id='line_1_9' title="bbox 334 1376 1420 1459; baseline 0.002 -17"><span class='ocrx_word' id='word_1_58' title='bbox 334 1376 536 1442; x_wconf 79' lang='lat' dir='ltr'>Theodotum</span> <span class='ocrx_word' id='word_1_59' title='bbox 560 1382 668 1443; x_wconf 91' lang='lat' dir='ltr'>autem</span> <span class='ocrx_word' id='word_1_60' title='bbox 683 1376 824 1444; x_wconf 88' lang='lat' dir='ltr'>Herodis</span> <span class='ocrx_word' id='word_1_61' title='bbox 840 1379 942 1444; x_wconf 89' lang='lat' dir='ltr'>Attici</span> <span class='ocrx_word' id='word_1_62' title='bbox 966 1379 1190 1446; x_wconf 83' lang='lat' dir='ltr'>adversarium</span> <span class='ocrx_word' id='word_1_63' title='bbox 1214 1397 1252 1446; x_wconf 90' lang='lat' dir='ltr'>eo</span> <span class='ocrx_word' id='word_1_64' title='bbox 1273 1383 1420 1459; x_wconf 88' lang='lat' dir='ltr'>tempore</span> 
     </span>
     <span class='ocr_line' id='line_1_10' title="bbox 245 1483 1422 1567; baseline 0.003 -19"><span class='ocrx_word' id='word_1_65' title='bbox 245 1484 433 1550; x_wconf 87' lang='lat' dir='ltr'>cathedram</span> <span class='ocrx_word' id='word_1_66' title='bbox 468 1483 634 1565; x_wconf 89' lang='lat' dir='ltr'>accepisse</span> <span class='ocrx_word' id='word_1_67' title='bbox 666 1484 845 1550; x_wconf 88' lang='lat' dir='ltr'>verisimile</span> <span class='ocrx_word' id='word_1_68' title='bbox 880 1491 941 1567; x_wconf 88' lang='lat' dir='ltr'>est,</span> <span class='ocrx_word' id='word_1_69' title='bbox 978 1503 1039 1566; x_wconf 95' lang='lat' dir='ltr'>quo</span> <span class='ocrx_word' id='word_1_70' title='bbox 1074 1490 1109 1553; x_wconf 91' lang='lat' dir='ltr'>et</span> <span class='ocrx_word' id='word_1_71' title='bbox 1131 1487 1352 1553; x_wconf 84' lang='lat' dir='ltr'>Athenienses</span> <span class='ocrx_word' id='word_1_72' title='bbox 1387 1490 1422 1551; x_wconf 95' lang='lat' dir='ltr'>et</span> 
     </span>
     <span class='ocr_line' id='line_1_11' title="bbox 245 1589 1420 1676; baseline 0 -20"><span class='ocrx_word' id='word_1_73' title='bbox 245 1591 375 1658; x_wconf 88' lang='lat' dir='ltr'>Marcus</span> <span class='ocrx_word' id='word_1_74' title='bbox 391 1591 568 1672; x_wconf 90' lang='lat' dir='ltr'>imperator</span> <span class='ocrx_word' id='word_1_75' title='bbox 583 1590 706 1657; x_wconf 88' lang='lat' dir='ltr'>Herodi</span> <span class='ocrx_word' id='word_1_76' title='bbox 722 1599 975 1658; x_wconf 85' lang='lat' dir='ltr'>suscensueruut</span> <span class='ocrx_word' id='word_1_77' title='bbox 991 1589 1041 1676; x_wconf 89' lang='lat' dir='ltr'>(V.</span> <span class='ocrx_word' id='word_1_78' title='bbox 1058 1591 1089 1659; x_wconf 90' lang='lat' dir='ltr'>S.</span> <span class='ocrx_word' id='word_1_79' title='bbox 1106 1593 1140 1658; x_wconf 93' lang='grc' dir='ltr'>Π</span> <span class='ocrx_word' id='word_1_80' title='bbox 1156 1592 1186 1675; x_wconf 91' lang='grc'>2,</span> <span class='ocrx_word' id='word_1_81' title='bbox 1204 1593 1239 1675; x_wconf 85' lang='grc'><strong>1;</strong></span> <span class='ocrx_word' id='word_1_82' title='bbox 1264 1592 1295 1676; x_wconf 87' lang='grc'>2,</span> <span class='ocrx_word' id='word_1_83' title='bbox 1313 1591 1368 1675; x_wconf 88' lang='grc'>26)</span> <span class='ocrx_word' id='word_1_84' title='bbox 1386 1591 1420 1676; x_wconf 86' lang='grc'>1).</span> 
     </span>
     <span class='ocr_line' id='line_1_12' title="bbox 247 1696 1420 1781; baseline 0.003 -21"><span class='ocrx_word' id='word_1_85' title='bbox 247 1698 326 1763; x_wconf 77' lang='lat' dir='ltr'>(ium</span> <span class='ocrx_word' id='word_1_86' title='bbox 349 1696 497 1763; x_wconf 89' lang='lat' dir='ltr'>Herodes</span> <span class='ocrx_word' id='word_1_87' title='bbox 526 1697 561 1761; x_wconf 92' lang='lat' dir='ltr'>iu</span> <span class='ocrx_word' id='word_1_88' title='bbox 588 1696 796 1778; x_wconf 89' lang='lat' dir='ltr'>imperatoris</span> <span class='ocrx_word' id='word_1_89' title='bbox 824 1698 931 1764; x_wconf 92' lang='lat' dir='ltr'>odium</span> <span class='ocrx_word' id='word_1_90' title='bbox 959 1698 1127 1781; x_wconf 89' lang='lat' dir='ltr'>incideret,</span> <span class='ocrx_word' id='word_1_91' title='bbox 1157 1699 1286 1764; x_wconf 90' lang='lat' dir='ltr'>Marcus</span> <span class='ocrx_word' id='word_1_92' title='bbox 1310 1697 1420 1764; x_wconf 87' lang='lat' dir='ltr'>Sirmii</span> 
     </span>
     <span class='ocr_line' id='line_1_13' title="bbox 246 1800 1420 1887; baseline 0.001 -18"><span class='ocrx_word' id='word_1_93' title='bbox 246 1809 317 1869; x_wconf 90' lang='lat' dir='ltr'>erat</span> <span class='ocrx_word' id='word_1_94' title='bbox 333 1800 385 1887; x_wconf 85' lang='lat' dir='ltr'>(V.</span> <span class='ocrx_word' id='word_1_95' title='bbox 401 1802 433 1868; x_wconf 95' lang='lat' dir='ltr'>S.</span> <span class='ocrx_word' id='word_1_96' title='bbox 454 1803 488 1868; x_wconf 90' lang='lat' dir='ltr'>Il</span> <span class='ocrx_word' id='word_1_97' title='bbox 506 1806 536 1885; x_wconf 89' lang='lat'>1,</span> <span class='ocrx_word' id='word_1_98' title='bbox 556 1802 620 1886; x_wconf 89' lang='grc'>26),</span> <span class='ocrx_word' id='word_1_99' title='bbox 645 1803 701 1869; x_wconf 91' lang='lat' dir='ltr'>ubi</span> <span class='ocrx_word' id='word_1_100' title='bbox 723 1819 761 1869; x_wconf 91' lang='lat' dir='ltr'>a0</span> <span class='ocrx_word' id='word_1_101' title='bbox 782 1801 846 1868; x_wconf 89' lang='grc'><strong>173</strong></span> <span class='ocrx_word' id='word_1_102' title='bbox 866 1823 939 1871; x_wconf 94' lang='lat' dir='ltr'>eum</span> <span class='ocrx_word' id='word_1_103' title='bbox 961 1804 1065 1871; x_wconf 85' lang='lat' dir='ltr'>fuisse</span> <span class='ocrx_word' id='word_1_104' title='bbox 1088 1806 1208 1871; x_wconf 91' lang='lat' dir='ltr'>scimus</span> <span class='ocrx_word' id='word_1_105' title='bbox 1219 1805 1251 1886; x_wconf 72' lang='lat'>²).</span> <span class='ocrx_word' id='word_1_106' title='bbox 1283 1805 1420 1872; x_wconf 84' lang='lat' dir='ltr'>Accedit</span> 
     </span>
     <span class='ocr_line' id='line_1_14' title="bbox 247 1909 1420 1990; baseline 0 -14"><span class='ocrx_word' id='word_1_107' title='bbox 247 1910 331 1990; x_wconf 95' lang='lat' dir='ltr'>quod</span> <span class='ocrx_word' id='word_1_108' title='bbox 354 1919 426 1986; x_wconf 91' lang='lat' dir='ltr'>post</span> <span class='ocrx_word' id='word_1_109' title='bbox 448 1909 602 1976; x_wconf 86' lang='lat' dir='ltr'>Avidium</span> <span class='ocrx_word' id='word_1_110' title='bbox 626 1909 774 1976; x_wconf 79' lang='lat' dir='ltr'>Cassium</span> <span class='ocrx_word' id='word_1_111' title='bbox 797 1911 920 1978; x_wconf 83' lang='lat' dir='ltr'>victum</span> <span class='ocrx_word' id='word_1_112' title='bbox 949 1913 1078 1979; x_wconf 81' lang='lat' dir='ltr'>a0175</span> <span class='ocrx_word' id='word_1_113' title='bbox 1103 1913 1232 1979; x_wconf 90' lang='lat' dir='ltr'>Marcus</span> <span class='ocrx_word' id='word_1_114' title='bbox 1255 1912 1420 1978; x_wconf 90' lang='lat' dir='ltr'>Herodem</span> 
     </span>
     <span class='ocr_line' id='line_1_15' title="bbox 246 2014 1423 2099; baseline 0.002 -17"><span class='ocrx_word' id='word_1_115' title='bbox 246 2018 280 2082; x_wconf 92' lang='lat' dir='ltr'>in</span> <span class='ocrx_word' id='word_1_116' title='bbox 304 2016 480 2083; x_wconf 89' lang='lat' dir='ltr'>amicitiam</span> <span class='ocrx_word' id='word_1_117' title='bbox 503 2014 714 2098; x_wconf 72' lang='lat' dir='ltr'>revocavit‘b,</span> <span class='ocrx_word' id='word_1_118' title='bbox 742 2017 775 2082; x_wconf 92' lang='lat' dir='ltr'>id</span> <span class='ocrx_word' id='word_1_119' title='bbox 800 2025 852 2084; x_wconf 89' lang='lat' dir='ltr'>est</span> <span class='ocrx_word' id='word_1_120' title='bbox 874 2026 948 2098; x_wconf 89' lang='lat' dir='ltr'>post</span> <span class='ocrx_word' id='word_1_121' title='bbox 970 2018 1136 2085; x_wconf 88' lang='lat' dir='ltr'>biennium</span> <span class='ocrx_word' id='word_1_122' title='bbox 1165 2018 1356 2099; x_wconf 88' lang='lat' dir='ltr'>discordiae,</span> <span class='ocrx_word' id='word_1_123' title='bbox 1388 2025 1423 2084; x_wconf 90' lang='lat' dir='ltr'>et</span> 
     </span>
     <span class='ocr_line' id='line_1_16' title="bbox 247 2124 1422 2206; baseline -0.001 -16"><span class='ocrx_word' id='word_1_124' title='bbox 247 2142 306 2206; x_wconf 92' lang='lat' dir='ltr'>per</span> <span class='ocrx_word' id='word_1_125' title='bbox 328 2124 495 2190; x_wconf 90' lang='lat' dir='ltr'>biennium</span> <span class='ocrx_word' id='word_1_126' title='bbox 519 2129 645 2189; x_wconf 90' lang='lat' dir='ltr'>tantum</span> <span class='ocrx_word' id='word_1_127' title='bbox 662 2124 847 2191; x_wconf 84' lang='lat' dir='ltr'>Theodotus</span> <span class='ocrx_word' id='word_1_128' title='bbox 871 2125 1046 2191; x_wconf 85' lang='lat' dir='ltr'>cathedrae</span> <span class='ocrx_word' id='word_1_129' title='bbox 1062 2125 1254 2192; x_wconf 82' lang='lat' dir='ltr'>Atheniensi</span> <span class='ocrx_word' id='word_1_130' title='bbox 1279 2124 1422 2206; x_wconf 84' lang='lat' dir='ltr'>praefuit</span> 
     </span>
     <span class='ocr_line' id='line_1_17' title="bbox 246 2227 1422 2321; baseline 0 -24"><span class='ocrx_word' id='word_1_131' title='bbox 246 2231 299 2315; x_wconf 88' lang='lat' dir='ltr'>(V.</span> <span class='ocrx_word' id='word_1_132' title='bbox 324 2230 356 2321; x_wconf 89' lang='lat' dir='ltr'>S.</span> <span class='ocrx_word' id='word_1_133' title='bbox 380 2229 415 2294; x_wconf 94' lang='grc' dir='ltr'>ΙΙ</span> <span class='ocrx_word' id='word_1_134' title='bbox 441 2227 470 2312; x_wconf 89' lang='grc'>2,</span> <span class='ocrx_word' id='word_1_135' title='bbox 497 2227 539 2313; x_wconf 88' lang='grc'>2).</span> <span class='ocrx_word' id='word_1_136' title='bbox 582 2230 674 2313; x_wconf 81' lang='lat' dir='ltr'>Quae</span> <span class='ocrx_word' id='word_1_137' title='bbox 697 2249 775 2296; x_wconf 88' lang='lat' dir='ltr'>cum</span> <span class='ocrx_word' id='word_1_138' title='bbox 792 2231 839 2296; x_wconf 91' lang='lat' dir='ltr'>ita</span> <span class='ocrx_word' id='word_1_139' title='bbox 863 2232 939 2312; x_wconf 89' lang='lat' dir='ltr'>sint,</span> <span class='ocrx_word' id='word_1_140' title='bbox 963 2232 1096 2297; x_wconf 91' lang='lat' dir='ltr'>dubium</span> <span class='ocrx_word' id='word_1_141' title='bbox 1119 2250 1192 2298; x_wconf 89' lang='lat' dir='ltr'>esso</span> <span class='ocrx_word' id='word_1_142' title='bbox 1216 2251 1279 2298; x_wconf 90' lang='lat' dir='ltr'>non</span> <span class='ocrx_word' id='word_1_143' title='bbox 1303 2237 1422 2314; x_wconf 88' lang='lat' dir='ltr'>potest,</span> 
     </span>
     <span class='ocr_line' id='line_1_18' title="bbox 247 2337 1419 2420; baseline 0.002 -18"><span class='ocrx_word' id='word_1_144' title='bbox 247 2339 323 2418; x_wconf 89' lang='lat' dir='ltr'>quin</span> <span class='ocrx_word' id='word_1_145' title='bbox 335 2337 521 2404; x_wconf 79' lang='lat' dir='ltr'>Theodotus</span> <span class='ocrx_word' id='word_1_146' title='bbox 534 2338 575 2403; x_wconf 89' lang='lat' dir='ltr'>ab</span> <span class='ocrx_word' id='word_1_147' title='bbox 592 2352 628 2402; x_wconf 90' lang='lat' dir='ltr'>a0</span> <span class='ocrx_word' id='word_1_148' title='bbox 644 2337 707 2401; x_wconf 82' lang='lat'>173</span> <span class='ocrx_word' id='word_1_149' title='bbox 720 2356 822 2417; x_wconf 88' lang='lat' dir='ltr'>usque</span> <span class='ocrx_word' id='word_1_150' title='bbox 835 2337 874 2402; x_wconf 92' lang='lat' dir='ltr'>ad</span> <span class='ocrx_word' id='word_1_151' title='bbox 892 2353 938 2402; x_wconf 82' lang='lat' dir='ltr'>am</span> <span class='ocrx_word' id='word_1_152' title='bbox 955 2338 1018 2402; x_wconf 82' lang='grc'><strong>175</strong></span> <span class='ocrx_word' id='word_1_153' title='bbox 1035 2339 1209 2404; x_wconf 90' lang='lat' dir='ltr'>cathedrae</span> <span class='ocrx_word' id='word_1_154' title='bbox 1222 2339 1419 2420; x_wconf 85' lang='lat' dir='ltr'>sophisticae</span> 
     </span>
     <span class='ocr_line' id='line_1_19' title="bbox 245 2443 1295 2527; baseline -0.002 -17"><span class='ocrx_word' id='word_1_155' title='bbox 245 2443 434 2527; x_wconf 85' lang='lat' dir='ltr'>praefuerit,</span> <span class='ocrx_word' id='word_1_156' title='bbox 459 2443 580 2508; x_wconf 80' lang='lat' dir='ltr'>o0173</span> <span class='ocrx_word' id='word_1_157' title='bbox 604 2445 742 2524; x_wconf 91' lang='lat' dir='ltr'>primum</span> <span class='ocrx_word' id='word_1_158' title='bbox 767 2444 920 2509; x_wconf 90' lang='lat' dir='ltr'>salarium</span> <span class='ocrx_word' id='word_1_159' title='bbox 944 2462 1085 2510; x_wconf 91' lang='lat' dir='ltr'>annuum</span> <span class='ocrx_word' id='word_1_160' title='bbox 1110 2444 1219 2509; x_wconf 92' lang='lat' dir='ltr'>datum</span> <span class='ocrx_word' id='word_1_161' title='bbox 1243 2445 1295 2510; x_wconf 89' lang='lat' dir='ltr'>sit.</span> 
     </span>
    </p>
   </div>
   <div class='ocr_carea' id='block_1_4' title="bbox 246 2568 1474 3612">
    <p class='ocr_par' dir='ltr' id='par_1_4' title="bbox 246 2568 1474 3612">
     <span class='ocr_line' id='line_1_20' title="bbox 336 2568 1421 2649; baseline 0 -16"><span class='ocrx_word' id='word_1_162' title='bbox 336 2568 498 2636; x_wconf 85' lang='lat' dir='ltr'>Herodem</span> <span class='ocrx_word' id='word_1_163' title='bbox 522 2569 627 2649; x_wconf 91' lang='lat' dir='ltr'>ipsum</span> <span class='ocrx_word' id='word_1_164' title='bbox 651 2587 776 2649; x_wconf 88' lang='lat' dir='ltr'>quoque</span> <span class='ocrx_word' id='word_1_165' title='bbox 799 2570 860 2634; x_wconf 90' lang='lat' dir='ltr'>hoc</span> <span class='ocrx_word' id='word_1_166' title='bbox 883 2587 1016 2635; x_wconf 92' lang='lat' dir='ltr'>munere</span> <span class='ocrx_word' id='word_1_167' title='bbox 1038 2569 1185 2634; x_wconf 78' lang='lat' dir='ltr'>functum</span> <span class='ocrx_word' id='word_1_168' title='bbox 1207 2588 1280 2636; x_wconf 90' lang='lat' dir='ltr'>esse</span> <span class='ocrx_word' id='word_1_169' title='bbox 1302 2571 1337 2634; x_wconf 91' lang='lat' dir='ltr'>iu</span> <span class='ocrx_word' id='word_1_170' title='bbox 1352 2569 1421 2636; x_wconf 87' lang='lat' dir='ltr'>vita</span> 
     </span>
     <span class='ocr_line' id='line_1_21' title="bbox 246 2674 1474 2767; baseline -0.001 -26"><span class='ocrx_word' id='word_1_171' title='bbox 246 2675 402 2741; x_wconf 89' lang='lat' dir='ltr'>Aristidis</span> <span class='ocrx_word' id='word_1_172' title='bbox 425 2675 575 2740; x_wconf 87' lang='lat' dir='ltr'>traditur.</span> <span class='ocrx_word' id='word_1_173' title='bbox 610 2674 723 2754; x_wconf 89' lang='lat' dir='ltr'>Neque</span> <span class='ocrx_word' id='word_1_174' title='bbox 743 2694 821 2742; x_wconf 90' lang='lat' dir='ltr'>vero</span> <span class='ocrx_word' id='word_1_175' title='bbox 845 2682 918 2756; x_wconf 94' lang='lat' dir='ltr'>post</span> <span class='ocrx_word' id='word_1_176' title='bbox 942 2676 1143 2767; x_wconf 80' lang='lat' dir='ltr'>Theodotum</span> <span class='ocrx_word' id='word_1_177' title='bbox 1166 2676 1199 2741; x_wconf 95' lang='lat' dir='ltr'>id</span> <span class='ocrx_word' id='word_1_178' title='bbox 1222 2676 1420 2758; x_wconf 83' lang='lat' dir='ltr'>factumest,</span> <span class='ocrx_word' id='word_1_179' title='bbox 1470 2684 1474 2690; x_wconf 84' lang='grc'><strong>’</strong></span> 
     </span>
     <span class='ocr_line' id='line_1_22' title="bbox 247 2782 1423 2859; baseline -0.001 -10"><span class='ocrx_word' id='word_1_180' title='bbox 247 2801 320 2849; x_wconf 91' lang='lat' dir='ltr'>cum</span> <span class='ocrx_word' id='word_1_181' title='bbox 343 2789 416 2859; x_wconf 90' lang='lat' dir='ltr'>post</span> <span class='ocrx_word' id='word_1_182' title='bbox 438 2782 625 2848; x_wconf 88' lang='lat' dir='ltr'>iuimicitias</span> <span class='ocrx_word' id='word_1_183' title='bbox 655 2800 726 2847; x_wconf 91' lang='lat' dir='ltr'>cum</span> <span class='ocrx_word' id='word_1_184' title='bbox 751 2782 859 2849; x_wconf 88' lang='lat' dir='ltr'>Marco</span> <span class='ocrx_word' id='word_1_185' title='bbox 883 2783 1015 2848; x_wconf 91' lang='lat' dir='ltr'>Aurelio</span> <span class='ocrx_word' id='word_1_186' title='bbox 1039 2789 1127 2850; x_wconf 89' lang='lat' dir='ltr'>ortas</span> <span class='ocrx_word' id='word_1_187' title='bbox 1151 2783 1343 2849; x_wconf 89' lang='lat' dir='ltr'>Marathone</span> <span class='ocrx_word' id='word_1_188' title='bbox 1366 2789 1423 2848; x_wconf 92' lang='lat' dir='ltr'>aut</span> 
     </span>
     <span class='ocr_line' id='line_1_23' title="bbox 248 2883 1421 2971; baseline -0.002 -17"><span class='ocrx_word' id='word_1_189' title='bbox 248 2889 421 2970; x_wconf 85' lang='lat' dir='ltr'>Cephisiae</span> <span class='ocrx_word' id='word_1_190' title='bbox 437 2894 580 2956; x_wconf 90' lang='lat' dir='ltr'>moratus</span> <span class='ocrx_word' id='word_1_191' title='bbox 596 2894 630 2956; x_wconf 93' lang='lat' dir='ltr'>et</span> <span class='ocrx_word' id='word_1_192' title='bbox 642 2890 737 2971; x_wconf 89' lang='lat' dir='ltr'>paulo</span> <span class='ocrx_word' id='word_1_193' title='bbox 750 2896 826 2970; x_wconf 88' lang='lat' dir='ltr'>post</span> <span class='ocrx_word' id='word_1_194' title='bbox 841 2904 889 2955; x_wconf 84' lang='lat' dir='ltr'>am</span> <span class='ocrx_word' id='word_1_195' title='bbox 906 2887 969 2952; x_wconf 92' lang='grc'>176</span> <span class='ocrx_word' id='word_1_196' title='bbox 984 2896 1128 2955; x_wconf 90' lang='lat' dir='ltr'>mortuus</span> <span class='ocrx_word' id='word_1_197' title='bbox 1143 2907 1216 2955; x_wconf 91' lang='lat' dir='ltr'>esse</span> <span class='ocrx_word' id='word_1_198' title='bbox 1231 2883 1421 2970; x_wconf 62' lang='lat' dir='ltr'>videaturb.</span> 
     </span>
     <span class='ocr_line' id='line_1_24' title="bbox 247 2993 1421 3078; baseline -0.002 -17"><span class='ocrx_word' id='word_1_199' title='bbox 247 2995 384 3063; x_wconf 87' lang='lat' dir='ltr'>Accedit</span> <span class='ocrx_word' id='word_1_200' title='bbox 400 2996 481 3075; x_wconf 91' lang='lat' dir='ltr'>quod</span> <span class='ocrx_word' id='word_1_201' title='bbox 500 3010 536 3061; x_wconf 91' lang='lat' dir='ltr'>a0</span> <span class='ocrx_word' id='word_1_202' title='bbox 558 2993 623 3060; x_wconf 91' lang='grc'>176</span> <span class='ocrx_word' id='word_1_203' title='bbox 639 3014 711 3060; x_wconf 91' lang='lat' dir='ltr'>cum</span> <span class='ocrx_word' id='word_1_204' title='bbox 728 2995 856 3061; x_wconf 90' lang='lat' dir='ltr'>llarcus</span> <span class='ocrx_word' id='word_1_205' title='bbox 872 2995 1026 3061; x_wconf 85' lang='lat' dir='ltr'>Aurelius</span> <span class='ocrx_word' id='word_1_206' title='bbox 1042 2995 1182 3062; x_wconf 89' lang='lat' dir='ltr'>Athenis</span> <span class='ocrx_word' id='word_1_207' title='bbox 1199 2993 1421 3078; x_wconf 70' lang='lat' dir='ltr'>morareturb,</span> 
     </span>
     <span class='ocr_line' id='line_1_25' title="bbox 247 3102 1421 3184; baseline -0.002 -16"><span class='ocrx_word' id='word_1_208' title='bbox 247 3102 434 3168; x_wconf 89' lang='lat' dir='ltr'>Hadrianus</span> <span class='ocrx_word' id='word_1_209' title='bbox 458 3102 605 3184; x_wconf 90' lang='lat' dir='ltr'>sophista</span> <span class='ocrx_word' id='word_1_210' title='bbox 628 3102 768 3168; x_wconf 87' lang='lat' dir='ltr'>Herodis</span> <span class='ocrx_word' id='word_1_211' title='bbox 793 3102 969 3184; x_wconf 88' lang='lat' dir='ltr'>discipulus</span> <span class='ocrx_word' id='word_1_212' title='bbox 995 3102 1183 3168; x_wconf 90' lang='lat' dir='ltr'>cathedram</span> <span class='ocrx_word' id='word_1_213' title='bbox 1212 3102 1421 3183; x_wconf 86' lang='lat' dir='ltr'>sophisticam</span> 
     </span>
     <span class='ocr_line' id='line_1_26' title="bbox 246 3207 1421 3294; baseline -0.002 -18"><span class='ocrx_word' id='word_1_214' title='bbox 246 3212 381 3276; x_wconf 90' lang='lat' dir='ltr'>tenebat</span> <span class='ocrx_word' id='word_1_215' title='bbox 404 3208 454 3294; x_wconf 85' lang='lat' dir='ltr'>(V.</span> <span class='ocrx_word' id='word_1_216' title='bbox 479 3208 509 3274; x_wconf 94' lang='lat' dir='ltr'>S.</span> <span class='ocrx_word' id='word_1_217' title='bbox 534 3207 645 3292; x_wconf 89' lang='lat'>1110,</span> <span class='ocrx_word' id='word_1_218' title='bbox 671 3207 714 3292; x_wconf 90' lang='grc'>7),</span> <span class='ocrx_word' id='word_1_219' title='bbox 745 3209 798 3276; x_wconf 90' lang='lat' dir='ltr'>cui</span> <span class='ocrx_word' id='word_1_220' title='bbox 825 3211 921 3290; x_wconf 88' lang='lat' dir='ltr'>paulo</span> <span class='ocrx_word' id='word_1_221' title='bbox 950 3216 1036 3285; x_wconf 86' lang='lat' dir='ltr'>aute,</span> <span class='ocrx_word' id='word_1_222' title='bbox 1070 3209 1103 3274; x_wconf 94' lang='lat' dir='ltr'>id</span> <span class='ocrx_word' id='word_1_223' title='bbox 1131 3208 1421 3290; x_wconf 82' lang='lat' dir='ltr'>esta⁰175‚hoc</span> 
     </span>
     <span class='ocr_line' id='line_1_27' title="bbox 247 3315 1422 3398; baseline -0.001 -17"><span class='ocrx_word' id='word_1_224' title='bbox 247 3335 363 3382; x_wconf 91' lang='lat' dir='ltr'>munus</span> <span class='ocrx_word' id='word_1_225' title='bbox 398 3317 577 3397; x_wconf 90' lang='lat' dir='ltr'>imperator</span> <span class='ocrx_word' id='word_1_226' title='bbox 612 3316 791 3398; x_wconf 88' lang='lat' dir='ltr'>detulerat,</span> <span class='ocrx_word' id='word_1_227' title='bbox 824 3335 1016 3396; x_wconf 91' lang='lat' dir='ltr'>quamquam</span> <span class='ocrx_word' id='word_1_228' title='bbox 1050 3315 1251 3381; x_wconf 91' lang='lat' dir='ltr'>Hadrianum</span> <span class='ocrx_word' id='word_1_229' title='bbox 1281 3316 1422 3381; x_wconf 90' lang='lat' dir='ltr'>nondum</span> 
     </span>
     <span class='ocr_line' id='line_1_28' title="bbox 248 3422 1422 3505; baseline -0.002 -17"><span class='ocrx_word' id='word_1_230' title='bbox 248 3424 427 3490; x_wconf 85' lang='lat' dir='ltr'>audiverat.</span> <span class='ocrx_word' id='word_1_231' title='bbox 488 3422 559 3487; x_wconf 89' lang='lat' dir='ltr'>lam</span> <span class='ocrx_word' id='word_1_232' title='bbox 601 3422 821 3505; x_wconf 83' lang='lat' dir='ltr'>intellegimus</span> <span class='ocrx_word' id='word_1_233' title='bbox 860 3423 1003 3488; x_wconf 87' lang='lat' dir='ltr'>Marcum</span> <span class='ocrx_word' id='word_1_234' title='bbox 1041 3423 1209 3488; x_wconf 90' lang='lat' dir='ltr'>Aurelium</span> <span class='ocrx_word' id='word_1_235' title='bbox 1252 3428 1422 3504; x_wconf 88' lang='lat' dir='ltr'>postquam</span> 
     </span>
     <span class='ocr_line' id='line_1_29' title="bbox 249 3528 1423 3612; baseline -0.003 -16"><span class='ocrx_word' id='word_1_236' title='bbox 249 3530 415 3596; x_wconf 92' lang='lat' dir='ltr'>Herodem</span> <span class='ocrx_word' id='word_1_237' title='bbox 438 3531 500 3595; x_wconf 89' lang='lat' dir='ltr'>sibi</span> <span class='ocrx_word' id='word_1_238' title='bbox 523 3529 758 3612; x_wconf 89' lang='lat' dir='ltr'>reconciliavit,</span> <span class='ocrx_word' id='word_1_239' title='bbox 782 3529 982 3595; x_wconf 80' lang='lat' dir='ltr'>Theodotum</span> <span class='ocrx_word' id='word_1_240' title='bbox 1011 3536 1084 3610; x_wconf 89' lang='lat' dir='ltr'>post</span> <span class='ocrx_word' id='word_1_241' title='bbox 1111 3529 1276 3595; x_wconf 90' lang='lat' dir='ltr'>biennium</span> <span class='ocrx_word' id='word_1_242' title='bbox 1301 3528 1423 3595; x_wconf 91' lang='lat' dir='ltr'>Herodi</span> 
     </span>
    </p>
   </div>
   <div class='ocr_carea' id='block_1_5' title="bbox 340 3776 1244 3846">
    <p class='ocr_par' dir='ltr' id='par_1_5' title="bbox 340 3776 1244 3846">
     <span class='ocr_line' id='line_1_30' title="bbox 340 3776 1244 3846; baseline 0.001 -19"><span class='ocrx_word' id='word_1_243' title='bbox 340 3778 362 3846; x_wconf 90' lang='lat'>¹)</span> <span class='ocrx_word' id='word_1_244' title='bbox 380 3779 474 3829; x_wconf 81' lang='lat' dir='ltr'>Fulles</span> <span class='ocrx_word' id='word_1_245' title='bbox 494 3777 528 3829; x_wconf 91' lang='lat' dir='ltr'>de</span> <span class='ocrx_word' id='word_1_246' title='bbox 548 3776 590 3829; x_wconf 79' lang='lat' dir='ltr'>ui.</span> <span class='ocrx_word' id='word_1_247' title='bbox 611 3776 723 3828; x_wconf 85' lang='lat' dir='ltr'>Claudii</span> <span class='ocrx_word' id='word_1_248' title='bbox 740 3777 829 3828; x_wconf 85' lang='lat' dir='ltr'>Attici</span> <span class='ocrx_word' id='word_1_249' title='bbox 847 3776 969 3828; x_wconf 87' lang='lat' dir='ltr'>Herodis</span> <span class='ocrx_word' id='word_1_250' title='bbox 988 3776 1047 3827; x_wconf 87' lang='lat' dir='ltr'>vita</span> <span class='ocrx_word' id='word_1_251' title='bbox 1067 3777 1136 3826; x_wconf 88' lang='lat'>1864</span> <span class='ocrx_word' id='word_1_252' title='bbox 1154 3793 1181 3842; x_wconf 90' lang='lat' dir='ltr'>p.</span> <span class='ocrx_word' id='word_1_253' title='bbox 1201 3777 1244 3828; x_wconf 84' lang='grc'>26.</span> 
     </span>
    </p>
   </div>
   <div class='ocr_carea' id='block_1_6' title="bbox 248 3881 1425 4220">
    <p class='ocr_par' dir='ltr' id='par_1_6' title="bbox 248 3881 1425 4130">
     <span class='ocr_line' id='line_1_31' title="bbox 339 3881 1425 3952; baseline -0.004 -16"><span class='ocrx_word' id='word_1_254' title='bbox 339 3885 358 3952; x_wconf 70' lang='lat'>²)</span> <span class='ocrx_word' id='word_1_255' title='bbox 379 3885 443 3936; x_wconf 82' lang='lat' dir='ltr'>Garl</span> <span class='ocrx_word' id='word_1_256' title='bbox 463 3886 609 3936; x_wconf 86' lang='lat' dir='ltr'>Schultess</span> <span class='ocrx_word' id='word_1_257' title='bbox 624 3884 751 3936; x_wconf 79' lang='lat' dir='ltr'>Herodes</span> <span class='ocrx_word' id='word_1_258' title='bbox 765 3884 881 3935; x_wconf 82' lang='lat' dir='ltr'>Attikus</span> <span class='ocrx_word' id='word_1_259' title='bbox 902 3884 972 3934; x_wconf 81' lang='lat'>1904</span> <span class='ocrx_word' id='word_1_260' title='bbox 990 3901 1016 3950; x_wconf 90' lang='lat' dir='ltr'>p.</span> <span class='ocrx_word' id='word_1_261' title='bbox 1036 3884 1078 3934; x_wconf 86' lang='grc'>24.</span> <span class='ocrx_word' id='word_1_262' title='bbox 1116 3883 1235 3934; x_wconf 85' lang='lat' dir='ltr'>Schiller</span> <span class='ocrx_word' id='word_1_263' title='bbox 1255 3881 1425 3934; x_wconf 80' lang='lat' dir='ltr'>Gesohichte</span> 
     </span>
     <span class='ocr_line' id='line_1_32' title="bbox 250 3971 1422 4040; baseline -0.003 -15"><span class='ocrx_word' id='word_1_264' title='bbox 250 3974 298 4026; x_wconf 87' lang='lat' dir='ltr'>der</span> <span class='ocrx_word' id='word_1_265' title='bbox 317 3974 477 4026; x_wconf 80' lang='lat' dir='ltr'>romischen</span> <span class='ocrx_word' id='word_1_266' title='bbox 495 3974 723 4026; x_wconf 78' lang='lat' dir='ltr'>Kaiseraeit12</span> <span class='ocrx_word' id='word_1_267' title='bbox 745 3974 813 4026; x_wconf 85' lang='grc'><strong>1883</strong></span> <span class='ocrx_word' id='word_1_268' title='bbox 832 3991 859 4040; x_wconf 89' lang='lat' dir='ltr'>p.</span> <span class='ocrx_word' id='word_1_269' title='bbox 878 3974 940 4038; x_wconf 87' lang='grc'>647,</span> <span class='ocrx_word' id='word_1_270' title='bbox 960 3989 986 4024; x_wconf 86' lang='lat' dir='ltr'>v.</span> <span class='ocrx_word' id='word_1_271' title='bbox 1005 3971 1124 4023; x_wconf 87' lang='lat' dir='ltr'>Rohden</span> <span class='ocrx_word' id='word_1_272' title='bbox 1143 3971 1218 4038; x_wconf 88' lang='lat' dir='ltr'>apud</span> <span class='ocrx_word' id='word_1_273' title='bbox 1236 3971 1388 4036; x_wconf 83' lang='lat' dir='ltr'>Pauly-W.</span> <span class='ocrx_word' id='word_1_274' title='bbox 1407 3971 1422 4020; x_wconf 91' lang='lat'>1</span> 
     </span>
     <span class='ocr_line' id='line_1_33' title="bbox 248 4064 374 4130; baseline -0.008 -16"><span class='ocrx_word' id='word_1_275' title='bbox 248 4080 275 4130; x_wconf 91' lang='lat' dir='ltr'>p.</span> <span class='ocrx_word' id='word_1_276' title='bbox 296 4064 374 4114; x_wconf 84' lang='grc'>2299.</span> 
     </span>
    </p>

    <p class='ocr_par' dir='ltr' id='par_1_7' title="bbox 337 4133 1232 4220">
     <span class='ocr_line' id='line_1_34' title="bbox 337 4133 1232 4220; baseline -0.004 -16"><span class='ocrx_word' id='word_1_277' title='bbox 337 4148 359 4220; x_wconf 77' lang='lat'>⁸)</span> <span class='ocrx_word' id='word_1_278' title='bbox 377 4169 404 4206; x_wconf 81' lang='lat' dir='ltr'>v.</span> <span class='ocrx_word' id='word_1_279' title='bbox 423 4152 543 4204; x_wconf 71' lang='lat' dir='ltr'>sorren</span> <span class='ocrx_word' id='word_1_280' title='bbox 562 4154 580 4208; x_wconf 86' lang='lat'>1.</span> <span class='ocrx_word' id='word_1_281' title='bbox 600 4153 618 4202; x_wconf 92' lang='lat'>1.</span> <span class='ocrx_word' id='word_1_282' title='bbox 638 4169 664 4218; x_wconf 80' lang='lat' dir='ltr'>p.</span> <span class='ocrx_word' id='word_1_283' title='bbox 683 4133 762 4215; x_wconf 75' lang='lat' dir='ltr'>sado,</span> <span class='ocrx_word' id='word_1_284' title='bbox 782 4152 928 4203; x_wconf 61' lang='lat' dir='ltr'>saturatas</span> <span class='ocrx_word' id='word_1_285' title='bbox 947 4152 965 4203; x_wconf 90' lang='lat'>1.</span> <span class='ocrx_word' id='word_1_286' title='bbox 985 4151 1003 4200; x_wconf 92' lang='lat'>1.</span> <span class='ocrx_word' id='word_1_287' title='bbox 1022 4167 1048 4216; x_wconf 83' lang='lat' dir='ltr'>p.</span> <span class='ocrx_word' id='word_1_288' title='bbox 1070 4149 1105 4200; x_wconf 79' lang='lat' dir='ltr'>ac</span> <span class='ocrx_word' id='word_1_289' title='bbox 1124 4149 1187 4202; x_wconf 69' lang='lat' dir='ltr'>adn.</span> <span class='ocrx_word' id='word_1_290' title='bbox 1209 4150 1232 4200; x_wconf 86' lang='lat' dir='ltr'>a.</span> 
     </span>
    </p>
   </div>
   <div class='ocr_carea' id='block_1_7' title="bbox 337 4257 829 4436">
    <p class='ocr_par' dir='ltr' id='par_1_8' title="bbox 337 4257 829 4436">
     <span class='ocr_line' id='line_1_35' title="bbox 339 4257 829 4328; baseline 0 -17"><span class='ocrx_word' id='word_1_291' title='bbox 339 4257 361 4328; x_wconf 77' lang='lat'>⁴)</span> <span class='ocrx_word' id='word_1_292' title='bbox 380 4260 527 4311; x_wconf 85' lang='lat' dir='ltr'>Schultess</span> <span class='ocrx_word' id='word_1_293' title='bbox 546 4260 564 4311; x_wconf 92' lang='lat' dir='ltr'>l.</span> <span class='ocrx_word' id='word_1_294' title='bbox 583 4261 602 4313; x_wconf 92' lang='lat' dir='ltr'>l.</span> <span class='ocrx_word' id='word_1_295' title='bbox 621 4276 648 4325; x_wconf 93' lang='lat' dir='ltr'>p.</span> <span class='ocrx_word' id='word_1_296' title='bbox 668 4259 702 4309; x_wconf 85' lang='grc'>26</span> <span class='ocrx_word' id='word_1_297' title='bbox 722 4259 784 4310; x_wconf 77' lang='lat' dir='ltr'>adn.</span> <span class='ocrx_word' id='word_1_298' title='bbox 804 4261 829 4311; x_wconf 89' lang='lat'>8.</span> 
     </span>
     <span class='ocr_line' id='line_1_36' title="bbox 337 4364 684 4436; baseline -0.003 -17"><span class='ocrx_word' id='word_1_299' title='bbox 337 4364 359 4436; x_wconf 76' lang='grc'>5)</span> <span class='ocrx_word' id='word_1_300' title='bbox 379 4367 525 4418; x_wconf 85' lang='lat' dir='ltr'>Schultess</span> <span class='ocrx_word' id='word_1_301' title='bbox 544 4367 562 4419; x_wconf 91' lang='lat' dir='ltr'>l.</span> <span class='ocrx_word' id='word_1_302' title='bbox 582 4367 599 4417; x_wconf 94' lang='lat' dir='ltr'>l.</span> <span class='ocrx_word' id='word_1_303' title='bbox 620 4382 647 4433; x_wconf 91' lang='lat' dir='ltr'>p.</span> <span class='ocrx_word' id='word_1_304' title='bbox 666 4368 684 4419; x_wconf 92' lang='lat' dir='ltr'>l.</span> 
     </span>
    </p>
   </div>
   <div class='ocr_carea' id='block_1_8' title="bbox 0 0 1714 5066">
    <p class='ocr_par' dir='ltr' id='par_1_9' title="bbox 0 0 1714 5066">
     <span class='ocr_line' id='line_1_37' title="bbox 0 0 1714 5066; baseline 0 0"><span class='ocrx_word' id='word_1_305' title='bbox 0 0 1714 5066; x_wconf 95' lang='lat' dir='ltr'> </span> 
     </span>
    </p>
   </div>
  </div>
 </body>
</html>
