3402 5066
686 468 910 533 ..85-

304 647 428 731 Quibus
445 665 486 715 ex
501 648 599 713 rebus
615 652 753 729 apparet
768 647 989 731 Phrynichum
1004 655 1060 715 aut
1076 648 1267 730 discipulum
1283 647 1388 714 luisse

212 754 369 821 Aristidis
397 760 453 821 aut
483 771 522 821 ex
553 753 666 821 eadem
696 754 870 836 disciplina
899 754 1051 822 sodalem.
1105 758 1154 822 Ac
1184 755 1268 822 sicut
1299 755 1388 822 iuter

211 860 393 928 Aristidem
424 866 458 928 et
484 861 697 944 Hadrianum,
727 862 775 928 ita
806 862 894 929 iuter
915 862 1080 929 Pollucem
1103 862 1262 929 Hadriani
1291 861 1386 928 disci-

211 969 322 1049 pulum
346 975 379 1035 et
395 968 617 1050 Phrynichnm
631 969 787 1035 Aristidis
806 969 968 1036 aemulum
983 969 1226 1038 coutroversiae
1241 985 1387 1035 summae

211 1077 404 1151 intererant,
436 1081 473 1141 ut
502 1092 566 1141 nou
597 1081 727 1157 propter
757 1094 833 1142 suas
863 1075 1007 1157 ipsorum
1036 1076 1203 1158 opiniones
1235 1076 1322 1142 inter
1341 1091 1388 1141 -se

211 1182 337 1249 alienas
360 1181 547 1249 inimicitias
586 1182 780 1266 exercuisse,
815 1182 873 1250 sed
909 1201 951 1250 ex
987 1183 1159 1266 disciplina
1203 1183 1389 1264 suscepisse

212 1290 355 1356 rationes
379 1295 412 1356 et
434 1289 621 1355 inimicitias
645 1289 853 1355 existimandi
877 1290 951 1356 siut.

213 1518 242 1583 5.
274 1520 337 1586 De
364 1520 603 1586 Alexandri
633 1519 922 1602 cotyaeeusis
951 1521 1045 1590 sive
1073 1521 1122 1589 de
1144 1519 1395 1588 Aristoclis.
1451 1579 1454 1584 .

594 1633 714 1694 secta
736 1629 1007 1711 Pergamena

303 1767 533 1836 Verumtamen
560 1770 626 1836 iam
652 1770 812 1837 interiora
834 1770 929 1837 huius
953 1770 1152 1852 quaestionis
1175 1768 1388 1836 difficillimae

213 1873 304 1940 adire
326 1894 385 1942 uos
408 1894 505 1956 posse
528 1883 614 1958 puto.
660 1877 865 1960 Phrynichus
896 1879 982 1946 euim
1005 1877 1161 1944 Aristocli
1183 1878 1388 1959 Pergameno

213 1982 421 2066 atticistaeb,
461 1983 515 2063 qui
554 2001 595 2049 ex
630 1984 821 2067 philosopho
856 1985 1005 2068 sophista
1037 1985 1143 2052 iactus
1174 1990 1226 2051 est
1255 1982 1388 2050 Herode

213 2089 322 2156 Attico
353 2091 395 2155 ab
426 2097 461 2152 a⁰
492 2089 562 2157 fere
594 2088 657 2154 143
689 2109 791 2172 usque
823 2091 865 2157 ad
896 2101 941 2158 am
968 2091 1031 2157 147
1059 2092 1182 2158 Romae
1209 2089 1388 2172 docentel),

212 2196 314 2263 libros
343 2195 507 2264 dedicavit
531 2197 561 2280 1,
586 2195 617 2280 2,
642 2195 673 2281 3,
698 2197 751 2280 10,
776 2196 818 2262 13
846 2206 944 2279 atque
970 2199 1005 2264 in
1032 2199 1052 2265 l.
1075 2199 1127 2266 IX
1153 2198 1195 2264 ad
1218 2197 1387 2265 Claudium

214 2301 399 2388 Rufinum)
428 2305 519 2371 missi
546 2303 750 2386 praefatione
778 2304 907 2372 dixerat
933 2326 964 2388 p.
990 2304 1051 2369 101
1061 2324 1091 2387 a,
1124 2306 1164 2368 11
1195 2302 1299 2367 αἴτιον
1326 2301 1390 2376 μὲν
1493 2335 1498 2344 ·

214 2419 272 2472 ταῦ
305 2408 518 2494 ἀπάρξασθαι
548 2415 603 2498 τῆς
634 2416 813 2499 συγγραφῆς
840 2407 1043 2494 Ἀριστοκλέα
1074 2414 1238 2494 γενέσθαι,
1267 2418 1324 2472 τοῦ
1352 2407 1388 2471 δὲ

213 2511 272 2579 ἐπὶ
287 2521 392 2602 πέρας
411 2511 523 2581 ἐλθεῖν
539 2518 639 2581 αὐτὸν
656 2516 761 2581 αἴτιον
776 2515 919 2603 ἔσεσθαι,
944 2519 994 2582 ὅτι
1011 2514 1152 2598 ἐντυχὼν
1166 2525 1232 2589 τοῖς
1255 2536 1389 2601 γεγραμ-

212 2627 322 2702 μένοις
348 2629 424 2687 τότε
452 2625 608 2712 χρήσιμον
631 2626 772 2689 συνιδεῖν
796 2622 868 2705 ἔσχε
898 2627 952 2689 καὶ
977 2620 1161 2689 ἐπαινέσειε
1188 2625 1245 2687 τὸν
1276 2627 1388 2688 πόνον.

213 2731 380 2797 Claudium
408 2731 559 2798 Rufinum
586 2731 637 2818 (V.
661 2734 693 2799 S.
716 2733 750 2799 Π
773 2735 827 2816 25,
856 2732 890 2819 1)
919 2753 1004 2800 nunc
1032 2752 1097 2800 uou
1120 2750 1277 2800 curamus.
1323 2729 1388 2797 Sed

213 2839 296 2919 quod
327 2839 555 2921 gravissimum
586 2841 707 2907 estad
735 2847 879 2907 nostram
907 2841 1140 2923 quaestionem,
1168 2837 1390 2920 Phrynichum

214 2949 255 3012 ab
278 2947 442 3012 Aristocle
465 2947 668 3024 Pergameno
691 2948 861 3013 incitatum
886 2966 959 3014 esse
982 2947 1023 3012 ad
1039 2948 1164 3014 lexicon
1188 2963 1281 3010 suum
1305 2961 1388 3010 com·

213 3053 394 3134 ponendum
417 3072 503 3141 nuno
527 3055 654 3120 scimus,
699 3054 855 3121 Eiusdem
885 3061 993 3122 autem
1015 3054 1188 3120 Aristoolis
1212 3051 1390 3132 discipulus

214 3167 286 3227 erat
312 3159 475 3226 Aristides
506 3159 557 3243 (V.
583 3159 726 3244 s.119‚
759 3161 789 3242 1)
821 3167 855 3228 et
885 3162 1081 3229 Aristoclem
1112 3160 1301 3241 atticistam,
1334 3157 1389 3238 qui

213 3267 364 3355 Pergami
377 3266 461 3348 apud
476 3267 701 3335 adulescentes
713 3289 836 3335 summa
848 3269 1040 3335 auctoritate
1052 3268 1198 3350 florebat,
1209 3282 1389 3332 sermonem

212 3392 291 3440 vere
313 3373 459 3440 Atticum
482 3375 626 3441 coluisse·
642 3382 772 3442 constat
793 3376 842 3455 (V.
866 3375 897 3442 S.
919 3375 954 3441 H
978 3374 1007 3459 3,
1033 3374 1073 3456 2).

302 3481 508 3564 Phrynichus
538 3483 639 3565 igitur
673 3488 707 3549 et
737 3483 901 3549 Aristides
939 3482 1127 3549 amicissimi
1163 3481 1217 3562 qui
1252 3479 1389 3546 eandem

212 3588 371 3653 rationem
403 3587 608 3654 atticissaudi
637 3588 847 3673 profitentur,
881 3607 1015 3670 quorum
1043 3590 1248 3672 Phrynichus
1280 3605 1316 3654 se
1346 3586 1389 3651 ab

212 3694 375 3762 Aristocle
406 3694 447 3760 ad
477 3695 604 3762 lexicon
637 3697 671 3762 in
702 3697 918 3763 atticistarum
941 3716 1033 3763 usum
1061 3694 1315 3778 componendum
1342 3694 1390 3760 in·

214 3802 349 3869 citatum
379 3819 453 3868 esse
485 3802 578 3885 dicit,
612 3805 653 3869 ab
686 3802 799 3870 eodem
828 3809 1040 3886 praeceptore
1073 3803 1224 3884 pendent.
1274 3801 1390 3866 Nonne

212 3908 380 3989 probabile
416 3914 476 3992 est,
511 3910 702 3978 Aristoclem
732 3929 857 3991 quoque
886 3913 1125 3994 Pergamenum
1159 3908 1390 3977 severissimae

303 4140 325 4206 ¹)
343 4139 378 4190 K.
398 4139 497 4204 Lehrs,
526 4139 712 4202 Quaestiones
741 4142 835 4209 opicae
865 4143 933 4193 1837
962 4158 989 4209 p.
1014 4125 1035 4195 8Ι
1059 4158 1118 4207 sqq.
1163 4139 1284 4199 Schmid‚
1314 4137 1389 4205 apud

212 4228 362 4293 Pauly-W.
381 4229 412 4279 11
430 4244 456 4296 p.
475 4229 536 4280 937.

304 4314 325 4384 ²)
345 4317 501 4382 Schultess,
519 4319 646 4371 Herodes
665 4319 779 4372 Atticus
797 4337 825 4387 p.
846 4321 878 4372 12
899 4337 939 4386 sq.

302 4403 326 4474 ³)
345 4407 552 4469 Westarmann,
571 4405 644 4471 apud
663 4405 755 4470 Pauly
773 4405 813 4457 VI
832 4422 858 4471 p.
878 4406 940 4456 561.
