3402 5066
212 666 275 713 non
301 651 398 731 esset,
429 649 483 714 vel
507 667 548 714 ex
571 667 609 715 eo
633 653 778 732 apparet,
811 650 893 730 qnod
921 651 955 716 in
979 649 1138 717 Theodoti
1159 651 1229 717 vita
1251 651 1392 733 legimus

212 737 261 821 (V.
285 755 316 820 S.
338 755 374 820 II
403 753 436 838 2)
472 751 617 840 προῦστη
640 753 675 818 δὲ
706 755 761 818 καὶ
790 761 845 843 τῆς
863 748 1054 842 Ἀθηναίων
1084 760 1235 841 νεότητος
1263 759 1391 840 πρῶτος

214 856 271 923 ἐπὶ
286 869 358 932 ταῖς
374 855 409 923 ἐκ
432 860 586 942 βασιλέως
608 864 747 946 μυρίαις.
770 861 825 925 καὶ
842 865 879 926 od
895 869 991 926 codro
1009 886 1062 925 ποι
1085 861 1179 942 λόγου
1197 863 1293 948 ἄξιον,
1318 862 1390 926 οὐδὲ

212 962 273 1051 γὰρ
296 965 420 1039 πάντες
435 966 463 1030 ot
480 963 726 1049 ἐπιβατεύοντος
741 977 795 1031 τοῦ
811 973 931 1054 θρόνου
947 973 1059 1032 τούτου
1074 969 1170 1050 λόγου
1187 971 1277 1042 ἄξιοι.
1308 971 1390 1037 Nam

212 1075 446 1142 Philostratum
472 1095 544 1142 cum
566 1078 648 1144 haec
671 1078 840 1160 scriberet,
865 1076 906 1144 de
922 1077 1053 1144 Polluce
1077 1096 1202 1159 quoque
1226 1079 1392 1161 cogitasse

214 1182 284 1262 quis
308 1184 436 1263 estqui
460 1183 584 1267 neget?
623 1183 693 1267 Qua
718 1203 760 1250 ex
781 1202 818 1250 re
841 1184 965 1249 Polluci
991 1184 1111 1250 maiora
1134 1185 1216 1251 vitia
1239 1184 1390 1250 attribuit

213 1309 308 1371 quam
339 1309 421 1370 quae
452 1290 540 1357 credi
569 1291 704 1373 possint,
737 1290 909 1356 Chrestum
939 1296 1048 1356 autem
1071 1291 1226 1373 optimum
1249 1291 1389 1358 Herodis

212 1396 314 1461 Attici
333 1397 526 1479 discipulum
542 1399 696 1480 appellat,
721 1416 913 1478 quamquam
929 1398 1077 1464 Herodes
1100 1398 1173 1479 ipse
1189 1398 1389 1464 Hadrianum

212 1504 366 1584 praetulit
390 1504 535 1570 Chresto.

262 1695 291 1763 4.
319 1699 378 1766 De
401 1699 577 1766 Polluce
600 1700 809 1765 Hadriani
833 1685 1065 1782 discipulo,
1089 1700 1335 1782 Phrynicho

425 1824 640 1890 Aristidis
669 1824 835 1891 aemulo
864 1831 905 1890 et
932 1825 1174 1890 laudatore.

189 2043 193 2051 ¹
300 1967 369 2032 Iam
389 1967 610 2050 intellegimus
625 1967 766 2034 Herodis
783 1967 947 2033 atticistae
963 1967 1137 2047 discipulos
1159 1967 1387 2034 celeberrimos

212 2080 279 2140 tres
311 2080 418 2140 sectas
450 2073 642 2141 condidisse.
698 2076 747 2140 Ac
784 2074 1012 2141 severissimae
1040 2074 1184 2156 praefuit
1213 2074 1387 2158 Aristides,

212 2181 266 2260 qui
293 2180 328 2246 in
358 2180 516 2246 electione
547 2199 672 2261 quoqne
696 2183 869 2246 verborum
893 2181 933 2245 ad
959 2181 1199 2263 Demosthenis,
1228 2181 1387 2265 Platonis

211 2287 409 2370 Thucydidis
441 2288 589 2370 exempla
625 2305 699 2354 sese
732 2287 946 2352 conformavit
978 2292 1011 2353 et
1041 2305 1083 2353 ne
1119 2307 1216 2353 unam
1256 2289 1386 2368 quidem

211 2414 324 2462 vocem
358 2396 421 2460 nisi
454 2413 494 2460 ex
522 2395 687 2461 veteribus
720 2400 880 2475 sumptam
910 2394 1057 2460 adhiberi
1089 2395 1199 2461 voluit.
1244 2395 1387 2462 Mediam

210 2502 315 2567 tenuit
331 2501 525 2584 Hadrianus
550 2502 603 2581 qui
626 2520 666 2567 ex
684 2501 854 2582 permultis
870 2500 1084 2580 scriptoribus
1103 2506 1257 2568 veterum⁴
1267 2503 1386 2584 hausit,

211 2608 366 2674 Chrestus
384 2626 460 2675 vero
484 2609 686 2674 licentiorem
707 2609 911 2674 atticissandi
928 2609 1086 2674 rationem
1103 2613 1234 2674 secutus
1258 2611 1388 2676 ornavit

209 2720 335 2782 tantum
359 2733 538 2782 sermonem
562 2716 729 2782 vocabulis
752 2716 880 2782 Atticis.

298 2893 350 2960 De
373 2894 499 2960 ratione
524 2912 606 2973 quae
628 2894 812 2960 intercedat
833 2894 920 2958 inter
941 2892 1142 2958 Hadrianum
1164 2899 1200 2968 ¹et
1222 2893 1387 2960 Pollucem

209 3001 290 3066 satis
324 2999 494 3083 eginus1).
541 3000 677 3066 Secutus
710 3005 761 3066 est
793 2999 910 3065 Pollux
933 2998 1197 3067 Hadrianumin
1226 3000 1387 3067 electione

209 3109 391 3190 verborum,
425 3107 546 3174 deiecit
569 3109 609 3172 ab
634 3107 729 3172 eoin
754 3106 991 3186 compositione.
1036 3108 1144 3186 Atque
1168 3107 1321 3172 abhorret
1344 3109 1387 3173 ab

208 3214 368 3280 Hadriani
398 3214 578 3280 elocutione
607 3212 781 3296 Gorgiana,
815 3213 896 3292 quod
929 3232 948 3277 a
976 3212 1151 3278 scholiasta
1180 3213 1220 3278 ad
1248 3212 1386 3278 Luciani

207 3323 384 3388 Rhetorum
407 3326 650 3403 praeceptorem
674 3340 703 3400 p.
721 3319 786 3383 174
809 3321 838 3386 R
858 3320 951 3386 nobis
975 3319 1126 3385 traditur:
1157 3321 1173 3380 ό
1197 3318 1256 3403 γὰρ
1280 3318 1384 3383 Πολυ-

209 3428 322 3512 δεύκης
338 3422 577 3511 ἕπαγωγότορος
593 3410 632 3512 ἦν
645 3435 702 3491 τοῦ
720 3427 886 3512 αὐχμηροῦ
902 3426 957 3489 καὶΙ
971 3430 1148 3509 καιακόρου
1172 3426 1387 3490 διαναπαύων

207 3535 274 3597 τόν
290 3534 394 3614 λόγον·
423 3530 534 3622 ἒχρητο
555 3533 613 3619 γὰρ
641 3534 841 3621 διηγήμασιν,
868 3535 904 3596 οὐ
926 3537 1040 3613 μέντοι
1063 3533 1117 3596 καὶ
1140 3537 1255 3618 τέχνην
1280 3553 1381 3618 παρε-

207 3642 291 3705 δίδου
319 3641 419 3727 λόγου,
448 3643 537 3714 ὅπως
564 3641 584 3731 η
608 3643 747 3729 διήγησις
778 3642 889 3727 διαγέη
912 3638 971 3728 την
999 3639 1152 3726 αἴσθησιν
1183 3633 1264 3716 κατὰ
1289 3641 1385 3720 (κατά

206 3751 287 3816 coni.
333 3751 435 3858 pre,
469 3752 526 3812 καί
558 3750 626 3816 cod.
651 3749 701 3834 V.)
738 3749 777 3812 ιδ
806 3757 870 3811 τῶν
897 3748 1013 3820 λέξεων
1047 3753 1244 3832 καινότερον,
1277 3749 1318 3818 ὡς
1349 3742 1385 3808 ἓν

207 3860 339 3928 ταύταις
367 3861 484 3937 μόναις
506 3865 562 3920 τοῦ
593 3856 716 3927 παντὸς
739 3851 828 3941 ἔργου
852 3859 1001 3935 κειμένου
1025 3861 1088 3926 τοῖς
1114 3853 1222 3933 λόγοις.
1269 3855 1385 3920 Altera

207 3983 277 4030 curn
300 3969 395 4046 parte
417 3965 513 4030 huius
540 3963 652 4030 iudicii
680 3964 843 4030 consentit
865 3963 1083 4029 Philostratus
1107 3961 1145 4027 V.
1169 3959 1203 4025 S.
1226 3961 1261 4026 II
1284 3959 1337 4042 12,
1363 3959 1382 4022 2

207 4067 293 4157 πλὴν
321 4066 393 4133 ἀλλ’
417 4068 479 4134 εἰσί
506 4091 591 4141 τινος
615 4068 738 4158 ἡδονῶν
768 4068 895 4150 λιβάδες
923 4069 1176 4152 διακειραμέναι
1206 4075 1258 4130 τοῦ
1281 4065 1383 4145 λόγου.

206 4178 334 4244 Deinde
357 4178 481 4260 Pollux,
514 4179 568 4258 qui
598 4197 657 4258 pro
682 4177 817 4244 Chresto
847 4176 1021 4243 cathedrae
1049 4175 1235 4257 praefectus
1260 4179 1311 4240 est
1333 4193 1382 4240 so·

207 4329 416 4340 ————

295 4410 316 4476 ¹)
337 4409 392 4460 cn.
411 4427 439 4476 p.
458 4409 501 4476 tt,
521 4409 564 4474 69,
583 4409 618 4459 80
637 4423 677 4473 sq.

1185 4495 1217 4544 6*
