3402 5066
803 474 1021 542 ,85-

323 655 445 723 rationi
473 654 678 722 atticissandi
706 653 884 737 studuisse,
913 654 1105 734 praesertim
1133 672 1205 720 oum
1228 654 1391 720 Aristides
1414 653 1500 720 hanc

319 763 478 828 rationem
493 763 626 828 summis
645 763 794 829 laudibus
811 757 990 844 efferat?¹).
1018 761 1099 826 Nam
1117 779 1308 840 quamquam
1316 760 1496 826 Aristocles

318 867 469 952 fortasse,
501 868 584 949 quod
615 869 740 936 ratione
771 869 832 935 sibi
863 867 1039 950 proposuit,
1072 886 1132 932 usu
1154 872 1322 933 assecutus
1345 883 1410 932 non
1434 872 1496 949 est,

319 981 430 1042 tamen
453 976 603 1057 discipuli
626 977 706 1053 eius,
731 975 894 1042 Aristides
911 981 945 1040 et
963 974 1178 1057 Phrynichus,
1202 974 1286 1053 quod
1304 979 1498 1055 praeceptor

318 1082 473 1165 instituit,
498 1082 538 1148 ad
567 1083 800 1163 perfectionem
829 1081 1127 1160 absolutionemque
1156 1081 1386 1162 perduxerunt.
1425 1081 1497 1164 Qua

318 1189 353 1254 in
377 1190 576 1256 retentasse
601 1190 720 1271 evenit,
745 1194 782 1254 ut
805 1187 1009 1270 Phrynichus
1033 1187 1212 1254 Aristidem
1236 1187 1379 1253 sodalem
1403 1187 1497 1254 adae·

319 1315 421 1376 quare
445 1302 579 1362 conatus
603 1296 656 1361 sit.

408 1402 493 1468 Huic
509 1403 692 1470 sententiae
707 1403 838 1469 obstare
854 1400 993 1484 videtur,
1010 1400 1093 1480 quod
1102 1400 1320 1466 Philostratus
1336 1400 1498 1469 Herodem

320 1509 477 1575 Aristocli
499 1509 622 1577 favisse
644 1514 766 1575 narrat.
808 1507 872 1576 Sed
895 1508 1021 1575 accedit
1044 1507 1129 1588 quod
1151 1507 1315 1573 Aristides
1340 1513 1373 1574 et
1394 1508 1499 1590 Phry·
1587 1538 1589 1544 ·

321 1595 437 1680 nichus
465 1634 530 1682 non
562 1616 665 1681 solum
688 1615 860 1682 Aristoclis
892 1615 927 1680 in
950 1614 1155 1695 disciplinam
1178 1633 1214 1681 se
1238 1614 1406 1697 dederunt,
1439 1614 1498 1681 sed

321 1723 419 1788 etiam
446 1728 583 1803 uterque
616 1726 657 1790 ab
685 1722 870 1788 Alexandro
901 1722 1112 1803 grammatico
1147 1721 1341 1803 Cotyaeensi
1368 1720 1497 1802 pendet.

323 1829 405 1894 Nam
427 1828 591 1896 Aristides
620 1829 801 1897 Alexandri
832 1847 957 1910 quoque
992 1829 1169 1910 discipulus
1200 1833 1272 1893 erat
1290 1827 1313 1912 ).
1370 1827 1498 1894 Deinde

321 1953 393 2001 cum
416 1941 450 2002 et
471 1935 650 2002 Herodiani
673 1932 936 2018 Philhetaerus³)
960 1953 1058 2016 saepe
1082 1953 1152 2000 cum
1177 1934 1362 2016 Phrynicho
1385 1933 1495 2016 faciat,

322 2047 358 2107 ut
389 2060 430 2108 ex
462 2042 575 2109 eodem
605 2043 695 2110 fonte
725 2043 874 2108 hausisse
902 2041 1116 2124 vicenarum),
1148 2047 1182 2107 et
1205 2042 1433 2116 Philhetaerus
1456 2044 1497 2108 ab

321 2149 508 2215 Alexandro
533 2149 728 2232 Ootyaeensi
744 2149 924 2230 pendeam),
950 2148 1099 2228 equidem
1116 2147 1247 2214 dubium
1264 2167 1328 2214 non
1342 2148 1408 2214 iam
1424 2166 1498 2214 esse

323 2263 415 2337 puto,
447 2256 524 2335 quin
558 2255 763 2338 Phrynichus
800 2275 925 2337 quoque
963 2275 1004 2322 ex
1037 2254 1223 2342 Alexandro
1251 2254 1412 2337 hauserit,
1444 2255 1499 2335 qui

322 2361 401 2445 περὶ
423 2362 639 2449 παντοδαπῆς
663 2361 739 2447 ὕλης
762 2361 805 2424 24
827 2364 928 2428 libros
953 2359 1169 2445 scripserarl).
1207 2362 1357 2442 Denique
1376 2360 1499 2427 Aristo·

322 2469 416 2550 clem,
440 2487 513 2534 cum
528 2470 748 2551 Phrynichum
772 2469 813 2534 ad
837 2469 1057 2535 ouomasticon
1080 2468 1335 2549 componendum
1352 2469 1498 2550 moverit,

323 2575 429 2655 ipsum
453 2595 579 2657 quoque
602 2595 674 2642 cum
689 2576 877 2642 Alexandro
899 2575 1093 2658 Ootyaeensi
1117 2575 1236 2641 fecisse
1252 2581 1339 2657 puto.
1375 2575 1499 2641 Aristo·

321 2681 390 2747 cles
414 2691 523 2748 autem
537 2683 659 2749 Romae
682 2683 829 2763 sophista
851 2682 958 2748 iactus
982 2689 1044 2764 est,
1068 2699 1129 2762 quo
1152 2687 1298 2764 tempore
1314 2680 1500 2748 Alexander

322 2787 445 2855 Romae
459 2788 605 2872 florebat,
623 2797 659 2855 ut
674 2788 816 2855 dubitari
832 2789 887 2856 vix
902 2789 1017 2871 possit,
1033 2789 1111 2868 quin
1126 2788 1305 2855 Aristocles
1321 2788 1500 2856 Alexandri

323 2913 449 2976 quoque
463 2897 665 2978 grammatici
683 2897 855 2978 disciplina
867 2915 945 2962 usus
960 2897 1012 2964 sit.
1033 2896 1255 2962 Alexandrum
1267 2895 1499 2973 Cotyaeensem

324 3008 432 3068 autem
454 3004 608 3087 Pergami
630 3005 823 3070 instructum
846 3022 919 3070 esse
943 3004 1119 3071 verisimile
1143 3007 1194 3070 est
1216 3010 1350 3084 propter
1371 3002 1500 3085 propin-

322 3109 482 3189 quitatem
492 3111 691 3193 oppidorum,
707 3111 862 3193 Pergami
877 3111 1069 3193 claritatem,
1089 3111 1306 3176 bibliothecae
1318 3110 1498 3191 thesauros,

325 3217 442 3296 quibus
458 3235 530 3282 cum
547 3219 657 3284 rhetor
671 3225 740 3284 tom
758 3219 889 3284 criticus
906 3236 1019 3284 carere
1034 3237 1098 3284 nou
1114 3222 1232 3299 potest,
1257 3223 1292 3282 ut
1308 3235 1500 3297 quamquam

326 3322 447 3390 Romae
480 3325 657 3390 atticissari
686 3332 833 3406 coeptum
862 3332 923 3407 est,
955 3330 1063 3391 tamen
1087 3323 1240 3406 Pergami
1262 3324 1297 3389 ΙΙ
1319 3343 1348 3405 p.
1373 3325 1445 3389 Chr.
1469 3344 1501 3388 n.

325 3431 454 3496 saeculo
483 3449 554 3497 eam
582 3432 799 3498 atticistarum
828 3440 952 3499 sectam
979 3430 1126 3498 floruisse
1149 3431 1389 3513 intellegamus
1418 3449 1501 3510 quae

325 3537 536 3603 severissima
559 3538 755 3620 appellanda
778 3537 869 3620 esti).
905 3537 994 3620 Quae
1017 3546 1108 3604 secta
1123 3538 1281 3620 imprimis
1296 3537 1330 3603 X
1345 3544 1501 3621 oratores,

408 3786 438 3854 '¹)
459 3786 515 3837 Cir.
534 3802 561 3846 p.
581 3787 623 3839 te.

416 3876 438 3942 9)
458 3877 595 3940 Wentzel,
615 3875 690 3942 apud
708 3876 858 3940 Pauly-W.
878 3873 892 3926 I
910 3891 936 3942 p.
957 3874 1034 3927 1455.

416 3965 436 4031 θ’)
455 3964 656 4030 Reitzenstein,
678 3965 778 4016 Gesoh.
798 3965 824 4016 d.
843 3964 948 4029 griech.
968 3961 1164 4028 Etymologica
1182 3979 1208 4030 p.
1227 3963 1289 4015 att.

416 4055 438 4121 ⁴)
457 4054 546 4119 (tohu,
565 4053 665 4105 Rhein.
684 4054 758 4106 Mus.
776 4054 877 4104 XLIII
896 4054 965 4105 1888
983 4069 1010 4119 p.
1028 4053 1089 4104 412.

415 4141 437 4212 ⁵)
455 4143 655 4208 Reitzenstein,
675 4144 693 4195 l.
712 4144 730 4195 l.
750 4159 777 4210 p.
796 4143 857 4195 889.

418 4232 438 4300 ⁰)

458 4235 617 4300 Stephanus
637 4235 705 4299 Byz.
725 4251 751 4300 p.
771 4235 831 4298 ata,
851 4234 867 4282 8
887 4233 925 4285 M.

417 4322 438 4390 ⁷)
459 4324 559 4389 Itaque
573 4324 626 4374 hac
640 4323 752 4388 quidem
764 4323 793 4374 in
806 4339 836 4374 re
851 4322 996 4376 consentio
1007 4339 1069 4374 cum
1082 4323 1198 4390 Cohnio,
1211 4322 1311 4374 Rhein.
1322 4321 1395 4374 Mus.
1405 4320 1504 4371 XLIII

327 4429 392 4480 pag.
410 4414 454 4465 40.
