3388 5070
816 441 1035 504 ..30..

338 619 447 704 colligi
471 622 575 702 possit
598 620 851 687 Demosthenem
866 639 885 684 a
899 620 1073 685 Polemone
1090 637 1247 685 summum
1264 623 1423 684 oratorem
1439 635 1514 684 esse

338 729 510 810 ductum1),
535 729 596 794 etsi
614 746 687 793 eum
711 727 842 792 minime
858 732 1027 792 assecutus
1052 725 1143 809 esti),
1168 730 1203 792 et
1217 725 1396 791 Aristidem
1419 743 1511 805 prae·

338 841 504 916 ceptorum
536 834 680 898 arbitriis
710 839 900 898 commotum
933 835 1095 908 orationes
1118 831 1350 898 Demosthenis
1374 831 1415 896 ad
1443 831 1512 896 imi·
1562 841 1565 849 '

337 942 470 1008 tandum
494 941 557 1008 sibi
580 941 788 1022 proposuisse
796 937 830 1024 8).
869 939 951 1004 Nam
966 940 1053 1004 inter
1074 939 1249 1020 scriptores
1265 946 1396 1005 veteres
1412 938 1513 1020 elegit

337 1049 474 1132 optimos
502 1048 683 1129 Platonem,
712 1046 943 1129 Thucydidem,
975 1046 1243 1127 Demosthenem,
1272 1045 1511 1124 Herodotum4).

338 1155 399 1238 Qui
424 1173 495 1221 cum
518 1159 586 1219 tam
615 1153 726 1220 subtili
751 1152 955 1220 atticissandi
978 1153 1105 1218 ratione
1129 1157 1284 1232 uteretur,
1309 1153 1424 1217 mirum
1447 1170 1512 1222 non

338 1267 400 1343 est,
425 1261 507 1340 quod
532 1260 759 1326 adulescentes
784 1259 854 1324 eius
878 1258 1084 1340 disciplinam
1109 1253 1302 1335 evitarintb.

426 1367 612 1433 Hadrianus
627 1373 743 1448 autem
763 1366 881 1431 multos
897 1366 1011 1432 habuit
1028 1365 1310 1447 discipuloS,.nam
1326 1367 1423 1446 longo
1448 1365 1512 1430 alia

336 1475 462 1540 ratione
492 1475 644 1540 utebatur
674 1479 771 1552 atquo
802 1471 974 1538 Aristides.
1025 1472 1074 1537 Ac
1104 1471 1144 1536 de
1178 1471 1409 1551 compositione
1439 1489 1512 1537 ver·

338 1584 448 1648 borum
479 1581 543 1646 iam
574 1579 723 1662 diximus,
752 1579 785 1643 in
811 1579 969 1644 electione
993 1579 1164 1645 verborum
1193 1590 1301 1644 autem
1328 1578 1399 1645 iere
1426 1579 1511 1644 idem

335 1687 454 1755 iecisse
481 1687 611 1755 videtur
645 1703 683 1751 ac
718 1685 841 1766 Pollux.
895 1685 1055 1766 Quicum
1094 1685 1126 1750 in
1164 1684 1452 1751 declamationibus
1493 1703 1512 1748 a

336 1795 493 1877 magistro
521 1795 568 1858 ita
599 1793 814 1874 discreparet,
846 1799 884 1857 ut
914 1789 1113 1862 ἀπαίδευτος
1143 1809 1215 1858 esse
1243 1788 1449 1875 videreturb,
1478 1791 1511 1856 in

335 1901 439 1968 lexico
455 1899 674 1981 componendo
691 1899 841 1982 magistri
857 1903 1033 1980 praecepta
1049 1904 1195 1964 secutum
1212 1915 1285 1964 enm
1309 1918 1383 1966 esse
1399 1899 1512 1965 verisi-

337 2009 412 2074 mile
440 2013 499 2074 est.
552 2006 634 2072 Nam
666 2007 694 2084 si
722 2012 756 2084 et
787 2007 848 2070 hac
883 2005 917 2069 in
948 2023 985 2071 re
1018 2006 1058 2070 ab
1088 2004 1253 2071 Hadriano
1281 2005 1511 2084 aberravisset,

336 2120 373 2180 ut
396 2134 468 2180 cnm
492 2131 530 2180 eo
559 2113 688 2178 omniuo
711 2113 758 2177 nil
790 2130 957 2179 commune
980 2111 1127 2193 haberet,
1159 2112 1369 2194 castigandus
1396 2112 1513 2177 fuisset

336 2241 356 2286 a
378 2220 579 2286 Philostrato
602 2219 715 2286 eodem
744 2238 806 2298 quo
829 2219 1019 2300 Apollonius
1043 2218 1232 2284 Naucratita
1260 2220 1353 2285 modo
1363 2217 1384 2298 r)
1408 2238 1512 2298 nequa

336 2333 392 2394 aut
413 2324 599 2393 Hadrianus
624 2327 677 2407 qui
701 2332 750 2392 tot
774 2334 808 2391 et
830 2335 896 2391 tam
913 2325 1017 2390 claros
1042 2325 1217 2408 discipulos
1240 2327 1364 2408 habuit,
1388 2327 1513 2390 Polluci

336 2435 480 2500 scholam
497 2452 587 2500 suam
603 2434 827 2500 transtulisset
842 2438 899 2498 aut
923 2433 1052 2499 Marcus
1068 2433 1221 2498 Aurelius
1241 2433 1294 2512 qui
1312 2432 1512 2497 Hadrianum

335 2542 382 2606 ita
405 2541 529 2631 dilexit,
554 2550 590 2606 ut
618 2560 691 2607 eum
720 2540 896 2606 cathedrae
927 2539 1087 2619 superiori
1119 2538 1321 2620 praeficeret,
1353 2538 1511 2604 Hadriani

335 2665 558 2714 successorem
581 2648 721 2714 Athenis
747 2665 819 2712 enm
843 2646 1004 2711 Hadriani
1029 2646 1220 2728 discipulum
1245 2647 1433 2726 creavisset,
1458 2645 1512 2724 qui

336 2754 376 2819 ab
400 2753 565 2819 Hadriano
594 2753 768 2820 deiecerat.
816 2752 980 2832 Denique*
996 2771 1188 2832 quamquam
1220 2753 1327 2819 omnia
1356 2752 1512 2818 vocabula

336 2879 418 2941 quae
448 2861 482 2925 in
514 2860 673 2926 Hadriani
706 2859 995 2926 declamationibus
1025 2859 1195 2943 leguntur,
1229 2860 1313 2939 apud
1347 2859 1511 2925 Pollucem

335 2984 404 3042 non,
421 2966 640 3063 inveniuntur
672 2985 711 3032 ea
740 2983 788 3046 re,
820 2964 903 3044 qnod
936 2965 1053 3031 Pollux
1085 2983 1149 3031 non
1180 2965 1280 3031 totius
1314 2964 1512 3032 Graecitatis

335 3074 523 3140 thesaurum
546 3073 749 3154 conscripsit,
774 3071 831 3137 sed
862 3055 1037 3150 secundum
1066 3090 1175 3138 rerum
1204 3090 1328 3154 genera
1357 3072 1513 3137 instruxit

334 3179 445 3255 libros,
470 3185 580 3245 tamen
602 3196 644 3245 ne
666 3198 765 3245 unum
789 3178 918 3257 quidem
935 3178 1125 3245 vocabulum
1149 3179 1308 3244 Hadriani
1322 3179 1513 3258 repudiatur

335 3306 355 3352 a
378 3287 518 3353 Polluce.
564 3285 656 3369 Quod
681 3305 718 3353 eo
747 3288 851 3370 magis
881 3286 1127 3353 deliberandum
1151 3291 1211 3367 est,
1240 3285 1324 3365 quod
1352 3287 1511 3352 rationem

335 3399 369 3461 et
390 3412 484 3460 usum
507 3393 712 3459 atticissandi
735 3393 822 3460 inter
845 3413 881 3460 se
904 3392 1038 3460 differre
1069 3393 1187 3458 scimus
1195 3391 1227 3473 ⁸).
1274 3391 1434 3472 lilquidem
1458 3394 1512 3460 vel

368 3595 370 3598 ·
425 3571 445 3637 ¹)
465 3570 513 3620 cfr.
533 3569 667 3622 Philostr.
687 3569 720 3621 V.
740 3569 767 3622 S.
787 3570 863 3635 125,
883 3571 918 3620 24
943 3567 1088 3641 ἐπιπρέπει
1114 3567 1225 3641 δἀὔτῇ
1250 3569 1301 3634 (sc.
1322 3573 1354 3638 τῇ
1373 3567 1442 3638 ἰδέᾳ)
1465 3569 1512 3620 καί

335 3655 365 3712 τὸ
385 3655 598 3729 Δημοσθενικὸν
618 3663 665 3728 τῆς
685 3654 804 3730 γνώμης.

424 3748 444 3815 ²)
463 3747 641 3812 Phrynichus
661 3748 679 3797 l.
698 3749 716 3800 l.

425 3838 445 3902 ³)
466 3835 589 3900 Schmid,
608 3837 667 3887 Der
684 3836 825 3889 Atticism.
844 3837 874 3887 11
893 3852 920 3902 p.
941 3839 966 3890 1.

424 3922 446 3993 4)
466 3925 631 3990 Baumgart,
657 3923 757 3976 Aelius
776 3924 916 3976 Aristides
937 3925 1006 3976 1874
1029 3941 1057 3990 p.
1079 3924 1121 3988 13,
1146 3923 1267 3986 Schmid,
1292 3923 1351 3975 Der
1369 3923 1510 3977 Atticism.

335 4015 366 4066 11
383 4031 410 4081 p.
430 4016 491 4079 247,
511 4014 560 4066 cfr.
580 4013 733 4065 Aristidem
752 4013 845 4079 ipsum
865 4014 878 4063 1
898 4015 950 4064 505
969 4013 1004 4076 D,
1024 4013 1054 4064 11
1073 4013 1133 4078 429,
1154 4014 1171 4062 4
1190 4013 1224 4064 K.

423 4101 446 4169 ὁ)
465 4103 672 4168 Westermann,
691 4103 788 4170 Biogr.
809 4103 908 4155 Graec.
927 4119 954 4168 p.
973 4103 1035 4152 326.

424 4192 700 4258 adsumi
777 4187 778 4192 ’

423 4281 445 4347 ⁷)
464 4281 497 4333 V.
517 4281 545 4332 S.
564 4281 593 4331 11
613 4281 656 4345 19,
674 4283 690 4332 2
712 4279 815 4353 ἀμφοῖν
834 4280 862 4333 δ’
876 4280 1030 4351 ἀφέστηκεν
1050 4276 1122 4334 ὅσοι
1144 4277 1235 4358 aluph
1256 4276 1474 4337 duciacinse.

422 4367 444 4437 Β)
464 4369 520 4422 cu.
539 4386 565 4436 p.
584 4370 619 4419 69
639 4385 699 4434 sqq.
