3402 5066
719 441 916 504 „9-

320 620 551 686 Verumtamen
582 620 621 686 de
645 619 728 685 Iulio
753 620 884 686 Polluce
914 621 1054 703 cogitari
1082 622 1170 687 nullo
1198 622 1290 688 modo
1314 640 1409 702 posse

227 733 320 793 recte
351 731 605 792 commemorant
638 727 749 807 Haupt
761 725 783 800 1)
816 727 1083 808 Krumbacberfl,
1123 727 1408 812 Schoenemannss).

231 833 344 912 Neque
368 833 453 900 enim
471 833 575 899 solum
599 834 720 900 multae
743 834 839 899 buius
864 834 1013 916 colloquii
1030 853 1126 902 uoces
1142 835 1228 916 apud
1243 834 1409 900 Pollucem

226 940 353 1005 frustra
378 946 586 1021 quaeruntur,
611 941 668 1006 sed
691 941 789 1007 etiam
805 941 893 1006 inter
916 959 972 1008 eas
987 942 1196 1028 reperiuntur
1214 959 1297 1022 quae
1315 959 1408 1021 repu-

228 1047 361 1112 diantur
387 1065 407 1111 a
434 1047 576 1127 Polluce,
607 1047 697 1112 velut
726 1041 919 1130 ἐγκοίμητρα
945 1045 1008 1112 105
1038 1048 1071 1114 11
1095 1048 1175 1139 Poll.
1199 1048 1222 1114 l.
1244 1049 1278 1114 X
1303 1047 1407 1131 1234),

227 1149 461 1237 οἰκοδεσπότης
491 1150 556 1216 268
588 1154 622 1219 11
645 1153 665 1217 l.
688 1153 722 1218 X
746 1152 799 1236 21,
829 1156 932 1238 κέρμα
956 1153 1022 1218 614
1045 1154 1079 1220 11
1102 1155 1122 1220 l.
1146 1155 1196 1220 IX
1219 1153 1273 1238 88,
1304 1173 1408 1234 neque

236 1277 376 1340 uuquam
400 1262 478 1345 ὄψις
502 1259 565 1324 101
590 1261 674 1342 apud
699 1260 865 1326 Pollucem
892 1261 979 1327 idem
1001 1262 1091 1328 valet
1113 1262 1197 1342 quod
1220 1267 1408 1345 πρόσωπον,

232 1402 276 1412 -
300 1365 397 1448 vulgo
420 1366 454 1431 id
478 1367 593 1432 tribuit
610 1367 745 1433 Photius
769 1368 818 1433 ed.
834 1366 947 1433 Naber
962 1367 996 1433 II
1012 1367 1055 1430 42
1074 1403 1126 1446 -,
1151 1368 1209 1434 sod
1225 1373 1288 1435 aut.
1300 1370 1408 1434 oculos

233 1479 290 1537 aut
314 1479 482 1553 aspectum
507 1472 677 1556 significat.
709 1473 842 1540 Falsum
866 1479 973 1541 autem
998 1481 1050 1540 est
1073 1474 1156 1554 quod
1179 1474 1345 1542 Revillout
1367 1473 1408 1540 ad

227 1579 425 1646 sententiam
470 1579 727 1646 Boucberiunam
770 1580 966 1647 fulciendam
1009 1581 1134 1662 profert
1171 1587 1406 1664 argumentum,

227 1686 407 1753 cottidiano
435 1688 576 1770 sermoni
599 1687 807 1754 studentibus
837 1687 919 1754 alies
942 1705 1038 1754 voces
1062 1688 1224 1755 Pollucem
1249 1705 1406 1754 commen-

227 1794 328 1859 dussc
352 1793 463 1860 dicens
485 1799 583 1875 etque
605 1794 639 1859 in
663 1794 767 1862 lexico
790 1794 951 1876 legantur.
997 1794 1110 1877 Immo,
1134 1813 1207 1860 cum
1230 1795 1264 1860 in
1287 1794 1406 1861 ceteris

229 1900 323 1965 libris
347 1899 516 1966 cottidiani
540 1903 698 1968 sermonis
722 1902 831 1982 copias
860 1920 896 1968 se
919 1919 1036 1983 parare
1058 1901 1175 1967 Pollux
1202 1908 1236 1968 et
1258 1902 1292 1966 in
1315 1919 1407 1981 prae·

231 2007 353 2072 fatioue
383 2009 483 2096 totius
515 2010 622 2089 operis
650 2015 685 2074 et
714 2008 788 2074 aliis
811 2007 923 2074 multis
952 2008 1032 2076 locis
1055 2008 1152 2091 dicat,
1181 2007 1298 2074 librum
1323 2007 1407 2072 deci·

229 2133 317 2178 muru
350 2115 390 2180 ob
421 2133 494 2181 eum
521 2116 628 2197 ipsum
656 2134 837 2184 sermonem
864 2133 903 2182 eo
935 2133 1030 2196 quem
1058 2115 1267 2196 cognovimus
1295 2113 1406 2180 ordine

227 2219 412 2302 1111111111).

320 2435 363 2512 (ul
387 2436 678 2502 instrumentorum
703 2441 811 2501 autem
833 2435 964 2501 nomina
987 2453 1026 2501 ex
1049 2434 1222 2502 comoediis
1245 2434 1404 2515 imprimis

231 2683 386 2734 censium
413 2684 652 2750 praefatiuncula,
682 2681 854 2748 colloquium
885 2682 1087 2734 scholasticum
1117 2682 1193 2747 (libri
1223 2682 1258 2750 Ι),
1292 2683 1405 2733 tabulae

229 2771 401 2825 cottidianas
428 2773 537 2840 (1111)
563 2773 592 2824 iu
620 2789 707 2823 unum
731 2772 897 2824 coniuncta“
927 2771 966 2838 (p.
990 2772 1036 2839 50)
1064 2777 1094 2823 et
1120 2772 1227 2823 Beatus
1251 2771 1404 2822 Rhenanus

229 2861 296 2926 „qui
324 2861 458 2927 colloquii
485 2861 717 2914 Monacensis
744 2861 895 2913 editionem
918 2859 1074 2927 principem
1099 2859 1249 2911 instruxit“
1275 2871 1304 2911 a⁰
1336 2859 1406 2911 1818

231 2952 267 3018 (ρ.
280 2951 334 3016 41),
353 2950 472 3017 primum
491 2950 594 3002 librum
608 2952 668 3003 sius
684 2949 822 3018 opusculi,
841 2950 923 3001 cuius
938 2949 1052 3001 tertium
1065 2948 1160 3014 edidit,
1180 2948 1298 3000 instar
1313 2949 1405 3000 Iulii

230 3040 390 3092 Pollucis
410 3055 471 3091 ease
491 3039 653 3091 institutum
672 3040 755 3105 dicat,
775 3038 904 3105 equidem
922 3039 1153 3102 Harmonymum,
1173 3037 1221 3103 qui
1241 3056 1263 3090 s.
1276 3037 1344 3088 XVI
1363 3038 1404 3088 iu·

230 3136 314 3180 eunte
338 3128 443 3193 floruit,
468 3145 501 3179 ex
521 3129 649 3180 Rhenani
674 3127 848 3195 praefatione
871 3127 1209 3200 parumflintellccta
1233 3127 1404 3192 colloquium

226 3218 413 3270 cottidianum
432 3218 542 3269 Polluci
560 3225 630 3285 puto
649 3218 815 3272 vindicasse.

324 3308 346 3375 ¹)
365 3307 404 3360 M.
417 3308 523 3374 Haupt,
543 3308 631 3358 Index
648 3306 800 3358 lectionum
819 3306 1000 3358 hibernarum
1012 3306 1106 3356 Berol.
1128 3306 1195 3356 1811
1213 3325 1247 3352 =
1261 3304 1405 3371 Opuscula

230 3396 341 3449 11442.

319 3486 341 3554 Β)
360 3486 394 3537 K.
414 3486 618 3545 Krumbacbcr,
642 3486 684 3537 Da
710 3484 854 3536 codicibus
880 3483 983 3551 quibus
1002 3485 1258 3550 Interpretamenta
1277 3483 1402 3534 Pseudo·

231 3574 398 3627 dositheana
420 3575 502 3627 nobis
521 3574 626 3626 tradita
644 3581 711 3625 sunt
730 3574 799 3625 1882
818 3590 844 3640 p.
867 3581 958 3639 lsqq.‚
982 3573 1017 3624 50
1036 3579 1064 3625 11
1084 3571 1261 3639 colloquium
1281 3572 1404 3623 Pseudo-

227 3663 427 3718 dositheanum
450 3665 619 3716 Monacense
642 3664 671 3715 in
695 3662 923 3727 Abhandluugen
942 3661 1077 3714 Wilhelm
1102 3677 1158 3713 von
1183 3659 1279 3711 0111111
1305 3660 1403 3724 darge·

228 3755 328 3806 bracht
348 3755 415 3805 1891
436 3769 462 3820 p.
482 3754 542 3804 801.

318 3841 341 3910 8)
360 3841 386 3896 J.
406 3843 604 3894 Schbnemann
624 3844 640 3893 l.
661 3843 679 3894 l.
699 3859 726 3908 p.
747 3843 761 3892 1
782 3858 851 3907 sqq,
871 3842 914 3892 60.

317 3930 340 4001 4)
359 3931 402 3983 Ex
424 3930 550 3984 Pollucis
570 3927 742 4003 ἐγκοιμύτωρ
766 3930 796 3981 11
821 3929 962 3997 colloquio
988 3925 1173 4003 ἑγκοιμήτορα
1197 3927 1403 3992 restituendum

227 4037 290 4073 ease
309 4028 388 4088 puto.

317 4113 337 4178 ὓ)
356 4111 501 4163 Revillout
528 4113 546 4162 l.
565 4112 583 4161 l.
602 4128 629 4178 p.
649 4111 692 4175 56,
718 4110 752 4160 81
762 4125 812 4174 sq,
841 4109 921 4160 cuius
950 4107 1119 4160 sententiam
1143 4106 1200 4157 iam
1223 4105 1349 4157 defendit
1370 4106 1401 4156 L.

225 4200 350 4252 Dindorf
371 4200 555 4252 Fleckeisenii
577 4200 755 4251 Jahrbllchsr
780 4199 819 4250 10
845 4198 913 4249 1869
936 4214 963 4265 p.
983 4198 1009 4248 8.
1046 4197 1091 4248 ab
1115 4197 1204 4248 altera
1227 4200 1306 4262 parta
1326 4200 1403 4246 111111

228 4291 387 4342 Schdmann
406 4289 591 4341 Fleckeisenii
618 4288 796 4342 Jahrbuoher
815 4287 914 4338 OXIII
939 4287 1008 4337 1878
1033 4302 1060 4353 p.
1081 4284 1403 4348 18811811111111111,

226 4382 245 4434 1.
265 4382 283 4431 l.
302 4395 329 4445 p.
349 4381 382 4430 61
392 4396 453 4447 sqq.
