3402 5066
768 420 967 483 ,4-

370 599 541 667 Sufficiant
563 599 645 666 haec
668 597 817 679 exempla
840 595 910 681 (cfr.
934 616 963 677 p.
988 594 1008 659 5
1031 596 1103 662 adn.
1128 594 1171 679 2).

371 708 483 787 Neque
506 712 614 773 tamen
635 705 752 772 Pollux
774 703 907 771 scholiis
931 722 1013 784 qnae
1035 703 1191 770 habemus
1207 703 1461 783 Aristophaoeis

280 833 356 880 usus
385 820 444 880 est.
491 813 572 878 Nam
601 812 724 878 scholia
754 809 910 892 quaedam
934 810 1074 876 Pollucis
1103 809 1230 875 demum
1257 811 1458 891 temporibus

279 921 333 988 vel
357 926 430 1001 post
452 919 618 1008 Pollucem
642 922 801 984 mortuum
825 917 1002 997 composita
1025 921 1101 982 sunt
1124 913 1194 999 (cir.
1217 916 1297 981 Poll.
1320 915 1367 982 IV
1394 915 1461 982 180

280 1046 352 1094 cum
364 1027 463 1093 schol.
475 1027 510 1090 in
522 1026 596 1091 Pac.
611 1021 698 1087 1150
714 1030 748 1091 et
763 1022 949 1090 Herodiano
965 1022 1014 1088 ed.
1026 1023 1129 1088 Lenta
1141 1023 1158 1086 Ι
1172 1021 1268 1105 1867,
1285 1041 1314 1103 p.
1326 1023 1399 1098 111,
1413 1040 1458 1089 eo.

279 1133 318 1199 In
339 1133 437 1199 schol.
454 1133 474 1198 l.
491 1152 552 1198 scr.
569 1149 625 1212 pro
651 1125 774 1215 tezel,
798 1136 868 1196 tum
891 1129 932 1195 ad
954 1129 1126 1196 nonnullas
1141 1147 1239 1196 voces
1261 1130 1457 1212 probandae,

282 1258 362 1321 quas
374 1238 478 1305 isdem
494 1239 564 1305 iere
575 1238 685 1304 verbis
698 1239 813 1319 quibus
829 1236 1005 1303 scholiasta
1021 1236 1171 1319 explicat,
1188 1242 1318 1317 praeter
1333 1236 1458 1302 Aristo-

278 1346 419 1427 phanem
448 1344 529 1411 alios
551 1343 663 1410 laudat
685 1349 789 1410 testes
813 1340 885 1427 (cir.
909 1343 989 1408 Poll.
1013 1341 1086 1407 VII.
1112 1342 1176 1408 164
1203 1361 1276 1408 cnm
1299 1343 1398 1409 schol.
1422 1345 1456 1408 in

278 1453 419 1518 hobam.
436 1448 523 1530 933).
562 1450 647 1534 Quin
671 1450 770 1517 etiam
794 1469 814 1515 a
837 1449 1022 1517 scholiastis
1038 1449 1286 1530 Aristophaneis
1303 1449 1461 1514 dissentit

183 1589 186 1596 ·
279 1558 350 1638 (cfr.
456 1557 536 1622 Poll.
559 1557 592 1622 X
616 1555 680 1621 136
705 1575 775 1622 cum
800 1557 900 1622 schol.
922 1557 955 1620 in
981 1556 1119 1622 Acheru.
1144 1555 1240 1638 1086,

560 1663 681 1729 xnoc
731 1714 746 1745 „
842 1711 857 1741 „
932 1715 946 1745 „
1043 1713 1058 1745 „
1145 1659 1242 1746 noar,

559 1768 680 1836 1149
729 1820 745 1852 ,,
841 1819 856 1851 „
926 1769 1063 1834 inRan.
1169 1768 1258 1853 121).

368 1983 469 2048 Immo
490 1970 632 2049 Poll'ucis
656 1982 785 2065 glossae
809 2001 850 2049 ex
865 1983 1157 2069 Alexandrinorum
1180 1983 1296 2050 lexicis
1318 1985 1457 2050 haustae

280 2107 354 2156 esse
383 2087 537 2155 videntur
568 2089 601 2155 id
629 2089 839 2170 studentium,
878 2102 914 2155 ut
944 2107 1041 2156 voces
1073 2090 1201 2156 Atticas
1234 2109 1275 2156 ex
1307 2091 1458 2157 omnibus

279 2195 492 2277 scriptoribus
515 2195 717 2278 philosophis
740 2196 846 2278 poetis
873 2197 1054 2263 oratoribus
1083 2197 1156 2262 aliis
1183 2198 1217 2262 in
1242 2198 1336 2264 nnius
1359 2197 1456 2264 lexici

280 2320 397 2383 corpus
420 2307 644 2384 congererent,
670 2320 752 2382 qnae
776 2303 881 2369 lexica
897 2303 1053 2384 quomodo
1076 2305 1236 2369 instructa
1259 2303 1389 2378 tuerint,
1415 2323 1457 2369 ex

278 2409 441 2478 Athenaei
470 2408 788 2490 dipnosophistarum
810 2409 831 2474 l.
854 2409 902 2474 VI
925 2407 1014 2474 8676
1041 2410 1138 2475 116116
1162 2409 1312 2491 cognosci
1335 2419 1458 2491 potest,

280 2515 335 2581 ubi
359 2515 514 2581 Clitarchi
542 2513 644 2594 ipsius
667 2518 769 2582 verba
799 2515 1017 2580 ascribuntur:
1049 2513 1223 2578 καλοῦνται
1246 2512 1313 2577 δὀἱ
1336 2515 1457 2599 δοῦλοι,

280 2623 322 2692 ὡς
336 2617 399 2700 μὲν
416 2619 611 2704 Κλείταρχός
632 2637 730 2705 φησιν
751 2614 788 2682 ἒν
809 2619 1068 2704 romuleorum,
1093 2604 1163 2694 ἆζοι
1178 2621 1233 2684 καὶ
1249 2619 1459 2706 θεράποντες

280 2725 336 2789 καὶ
360 2723 538 2790 ἀκόλουθοι
560 2725 616 2789 καὶ
637 2723 784 2790 διάκονοι
805 2727 861 2790 καὶ
884 2727 1055 2811 ὑπηρέται,
1085 2723 1133 2790 ἔτι
1155 2718 1184 2790 δ’
1213 2723 1378 2807 ἑπάμονες
1401 2729 1457 2791 καὶ

279 2829 419 2917 λάτρεις.
450 2833 637 2917 Synonyma
655 2835 757 2916 igitur
773 2835 955 2901 Clitarchus
976 2840 1110 2902 acervat
1132 2835 1244 2902 eedem
1262 2854 1325 2917 qua
1340 2838 1456 2902 Pollux

279 2941 405 3008 ratione
413 2938 440 3024 ι1
464 2947 498 3006 et
519 2947 623 3008 testes
647 2960 666 3006 a
689 2942 933 3025 glossographis
953 2942 1187 3008 Alexandrinis
1211 2961 1284 3010 esse
1307 2943 1461 3009 laudatos.

281 3047 368 3114 idem
391 3047 581 3113 Athenaeus
605 3067 703 3130 saepe
726 3067 858 3114 numero
881 3068 940 3115 nos
964 3050 1066 3116 docet.

384 3151 386 3155 ’
717 3155 887 3221 Consentit
910 3156 1025 3221 Pollux

283 3259 317 3324 X
346 3258 388 3324 75
418 3257 590 3348 (λειτοοιιῇ
621 3280 693 3327 cnm
721 3261 853 3329 Ameria
882 3263 925 3341 <
953 3256 988 3324 ἐν
1015 3262 1272 3334 retribuimus
1302 3276 1341 3340 >
1371 3264 1459 3344 apud

447 3369 565 3433 Athen.
589 3368 639 3433 XI
661 3369 763 3433 118511.

286 3471 332 3537 VI
356 3471 422 3536 110
445 3467 569 3558 (λάταξ)
585 3494 657 3540 cum
675 3475 836 3543 Clitarcho
855 3473 891 3539 ἕν
914 3481 953 3563 τῇ
977 3477 1054 3562 περὶ
1069 3478 1225 3541 Γλωττῶν
1250 3482 1463 3563 πραγματείᾳ·

445 3580 530 3660 apud
554 3582 671 3648 Athen.
695 3583 758 3648 XV
783 3583 880 3650 obtic.

285 3683 332 3752 VI
355 3684 396 3748 81
428 3681 567 3770 (ἰσχάδες
596 3688 780 3774 χελιδόνιοι)
812 3709 885 3768 cum
916 3692 1104 3759 Philemone
1140 3688 1175 3754 ἐν
1208 3695 1251 3778 τῷ
1286 3692 1363 3776 περὶ
1393 3695 1467 3754 τῶν

445 3787 597 3856 Ἀττικῶν
620 3789 805 3875 Ὀνομάτων
828 3818 877 3879 ap.
901 3798 1020 3865 Athen.
1044 3798 1124 3864 XIV
1148 3798 1265 3865 65261.

284 3897 333 3964 VI
357 3896 399 3960 19
423 3894 567 3984 (ἔφηβος)
595 3920 667 3967 culn
695 3903 807 3970 eodem
837 3904 873 3965 ἐν
895 3907 940 3990 τῷ
964 3905 1040 3988 περὶ
1061 3901 1213 3967 Ἀττικῶν
1229 3900 1414 3986 Ὀνομάτων
1439 3901 1464 3991 ἢ

444 4004 601 4068 Γλωττῶν
625 4027 675 4089 ap.
699 4010 818 4076 Athen.
841 4011 891 4075 XI
915 4010 1014 4078 4691.

375 4179 395 4247 l)
413 4181 517 4232 Pollux
539 4182 627 4249 igitur
643 4191 770 4236 veterum
789 4185 1051 4254 lexicographorom
1071 4191 1302 4243 consuetudinem
1322 4194 1465 4260 sequitur,.

283 4284 341 4320 non
359 4285 462 4322 novem
487 4286 567 4322 suum
590 4271 680 4338 ipsius
704 4273 851 4340 rationem,
876 4277 951 4340 quod
974 4277 1070 4343 posuit
1088 4278 1233 4331 Revillout
1251 4280 1401 4335 Memoires
1425 4284 1466 4333 de

284 4356 455 4410 l'Acaddmie
475 4359 523 4411 des
543 4360 672 4413 Sciences
692 4368 721 4414 et
739 4364 851 4415 Lettres
871 4365 904 4416 de
923 4366 1102 4433 hlontpellier
1121 4368 1162 4422 VI
1183 4370 1251 4422 1880
1270 4388 1296 4437 p.
1318 4373 1359 4423 bl.
