3402 5066
762 412 982 477 ‚74-

283 593 417 658 Caninio
442 593 564 674 Colere,
590 598 623 658 et
646 591 776 659 Herode
799 592 920 674 Attico,
948 591 1066 656 Latino
1087 590 1255 656 ‘Frontone
1280 587 1462 656 Cornelio“.

283 699 347 766 Sed
372 705 408 764 ut
430 700 517 766 inter
531 699 666 765 Latinos
682 698 880 765 Frontonem
904 697 1042 763 maxime
1064 700 1288 778 reverebatur,
1312 698 1359 762 ita
1374 697 1473 761 inter·

283 805 426 873 Graecos
462 806 624 873 Herodem
655 805 842 888 Atticum1),
876 810 912 869 ut
944 804 974 870 ei
1003 804 1204 884 professores
1232 802 1460 870 cathedrarum

283 913 577 993 philosophicarum
601 912 723 994 eligere
747 909 993 993 permitteret2).

373 1019 481 1098 Atque
505 1024 639 1084 conatus
668 1026 719 1085 est
741 1019 918 1099 imperator
940 1017 1061 1082 imitari
1091 1035 1273 1084 sermonem
1295 1020 1459 1082 veterum:

284 1122 397 1212 ἀρετῆς
420 1123 455 1187 δὲ
472 1122 579 1208 πάσης
603 1121 719 1204 ἔμελεν
735 1127 832 1210 αὐτῷ,
856 1124 957 1202 λόγων
973 1143 1009 1186 τε
1033 1121 1239 1206 ἀρχοιότηῑος
1260 1106 1299 1206 ἦν
1314 1116 1459 1208 ἐραστής,

284 1224 324 1302 ὥς
340 1232 477 1317 μηδενὸς
492 1233 573 1319 μήτε
589 1226 751 1311 Ῥωμαίων
766 1225 1016 1319 μήιεἙλλήνων
1031 1229 1319 1310 anotetnereatr).
1344 1229 1474 1308 Itaquev

284 1339 449 1407 atticistae
477 1340 686 1407 obtinuerunt
714 1340 937 1423 magistratus,
969 1343 1144 1420 praeerant
1171 1337 1257 1402 ludis
1280 1337 1379 1402 totius
1402 1337 1460 1399 im·

285 1447 377 1528 perii,
402 1447 583 1528 principum
606 1446 689 1512 filios
713 1446 934 1526 educabant4).

375 1552 498 1635 Quibus
535 1572 574 1619 ex
610 1555 707 1622 rebus
749 1560 884 1635 apparet
919 1553 1063 1618 Marcum
1101 1551 1270 1617 Aurelium
1308 1548 1460 1615 atticistis

284 1659 408 1726 favisse
432 1666 465 1725 et
489 1659 675 1727 cathedram
699 1659 908 1741 sophisticam
931 1659 1085 1724 atticistis
1101 1658 1292 1724 destinasse.
1331 1657 1461 1720 Marcus

284 1767 357 1847 ipse
381 1765 545 1833 Hadriano
574 1767 762 1834 cathedram
785 1767 911 1848 detulit,
945 1766 1014 1831 eius
1039 1765 1290 1832 declamationes
1313 1765 1399 1828 inter
1423 1781 1462 1827 ea

286 1872 408 1955 habuit,
449 1892 530 1952 qnae
562 1874 701 1940 Athenis
738 1873 875 1939 visenda
910 1878 1032 1954 essent,
1073 1872 1260 1937 muneribus
1299 1877 1333 1938 et
1368 1868 1476 1934 donis-

286 1997 358 2044 eum
383 1986 569 2045 muneratus
592 1980 727 2045 Romam
751 1980 791 2044 ad
816 1978 1002 2046 cathedram
1028 1979 1225 2058 superiorem
1250 1978 1385 2043 vocavit.

375 2085 568 2151 Cathedram
592 2086 828 2152 Atheniensem
857 2092 965 2152 autem
994 2086 1202 2152 obtinuerunt
1229 2092 1303 2166 post
1325 2083 1461 2148 Hadria-

286 2210 361 2256 num
386 2194 523 2273 primum
539 2192 664 2274 Pollux,
688 2199 757 2258 tum
772 2193 953 2258 Pausanias
976 2193 1150 2273 atticistae,
1175 2210 1309 2271 quorum
1326 2198 1477 2268 uterque·

288 2299 507 2365 onomasticon
532 2317 646 2365 vocum
662 2300 844 2365 Atticarum
869 2297 1082 2382 conposuiri).
1125 2298 1254 2365 Deinde
1270 2298 1458 2363 cathedram

286 2412 481 2487 acceperunt
498 2406 699 2490 Heraclides,
723 2405 974 2487 Hippodromus,
994 2406 1166 2487 Philiscus,
1190 2424 1324 2485 quorum
1340 2404 1460 2485 Hippo-

285 2512 429 2578 dromum
466 2520 500 2579 et
531 2513 709 2579 Philiscum
745 2514 901 2578 instruxit
925 2513 1080 2579 Chrestus
1113 2512 1290 2593 discipulus
1322 2510 1460 2578 Herodis

284 2619 386 2684 Attici
414 2621 534 2701 optime
563 2615 771 2700 institutusssp.
817 2621 868 2685 De
892 2620 1021 2684 Chresti
1044 2625 1078 2686 et
1100 2618 1313 2700 Hippodromi
1335 2618 1478 2683 ratione·

285 2725 487 2791 atticissandi
517 2726 603 2791 inira
627 2715 796 2809 exponam,
828 2726 1005 2792 Philiscum
1029 2745 1108 2808 puro
1132 2726 1274 2791 sermoni
1297 2725 1478 2790 studuisse·

286 2833 404 2898 scimus
428 2832 476 2912 (V.
501 2832 532 2897 S.
556 2833 590 2898 ΙΙ
614 2831 666 2914 30,
691 2831 733 2918 3).

372 2939 495 3007 Rornae
524 2940 735 3020 praefuerunt
765 2940 940 3007 cathedrae
972 2940 1169 3020 sophisticae
1200 2941 1235 3005 in
1258 2940 1427 3006 Athenaeo
1437 2935 1479 3022 ⁷)¹

284 3047 452 3113 institutae
469 3047 581 3112 Aelius
604 3047 783 3112 Pausanias
807 3047 961 3130 atticista,
985 3046 1181 3128 Hadrianus,
1206 3046 1357 3112 Claudius
1373 3044 1460 3111 Aeli·

284 3172 375 3234 anus,
408 3171 501 3233 quem
533 3154 645 3236 lingua
669 3153 796 3220 Graeca
828 3159 918 3220 caste
947 3171 1090 3235 pureque
1117 3173 1210 3220 urum
1234 3171 1307 3220 esse
1331 3157 1459 3219 constat

284 3257 537 3345 Wbssm

374 3456 396 3522 ¹)
416 3455 536 3520 Schmid,
556 3456 614 3507 Der
632 3455 799 3507 Atticismus
819 3456 834 3505 I
852 3472 879 3521 p.
899 3455 951 3505 ata
971 3455 1034 3507 adn.
1055 3456 1098 3505 31.

373 3543 394 3611 Ω)
412 3545 446 3597 V.
466 3544 493 3595 S.
513 3544 543 3594 11
561 3545 586 3606 2,
615 3545 639 3596 2.
677 3545 843 3610 Hertaberg,
868 3543 922 3596 Die
948 3544 1115 3595 Geschichte
1135 3543 1355 3596 Griechenlands
1380 3549 1482 3594 unter¹

284 3632 333 3682 der
353 3632 487 3684 Herrsch.
507 3633 532 3683 d.
552 3633 657 3684 Romen
675 3633 705 3683 11
723 3649 750 3700 p.
770 3634 889 3699 405sqq.

373 3725 394 3767 ”r
414 3720 594 3773 Herodianus
612 3723 656 3772 Ab
676 3738 794 3774 excessu
811 3722 878 3773 Divi
897 3722 987 3774 Marci
1006 3724 1019 3773 1
1039 3723 1065 3786 2,
1083 3723 1099 3773 3
1119 3722 1157 3776 Μ.

376 3805 397 3876 4)
416 3810 591 3877 Bernhardy,
610 3813 628 3862 l.
647 3812 666 3865 l.
685 3810 717 3861 Ι8
735 3827 762 3878 p.
781 3811 843 3862 618.

372 3895 395 3963 ὁ)
423 3899 497 3951 Aelii
527 3899 659 3965 Dionysii
690 3906 718 3951 et
745 3899 904 3952 Pausaniae
937 3900 1125 3951 atticistarum
1156 3901 1316 3966 fragmenta
1348 3898 1482 3964 collegit·

283 3986 421 4038 Ernestus
441 3988 575 4040 Schwabe
595 3989 673 4041 1890.

374 4073 393 4143 6)
412 4077 445 4130 V.
461 4078 489 4131 S.
502 4078 533 4128 11
548 4079 589 4143 11,
605 4083 628 4132 1.
660 4078 781 4145 Schoell,
800 4077 968 4132 Geschichte
987 4080 1036 4131 der
1055 4078 1251 4144 griechischen
1271 4080 1415 4132 Literatur
1433 4079 1464 4129 11

286 4165 354 4216 1830
373 4181 399 4231 p.
419 4166 480 4220 505.

373 4255 395 4320 7)
414 4255 524 4307 Htllsen
543 4256 618 4323 apud
636 4256 787 4321 Pauly-W.
801 4256 831 4307 11
843 4272 869 4321 p.
882 4257 962 4310 2023.
999 4256 1032 4309 O.
1051 4259 1176 4322 Richter,
1197 4257 1395 4325 'Popographio
1415 4257 1482 4307 der-

284 4342 366 4394 stada
383 4344 456 4395 Rom
477 4345 558 4396 1901*
575 4362 601 4412 p.
622 4346 683 4399 alu.
