3402 5066
700 445 921 510 ..43-

224 625 359 690 tenebat
382 622 434 708 (V.
452 623 483 690 S.
507 623 617 707 1130,
643 623 688 709 ll:
713 626 841 693 Annum
866 624 931 690 213
955 628 1006 694 his
1027 628 1228 710 argumentis
1249 626 1406 693 conclusi,

227 731 407 798 Philiscum
425 732 593 798 0000001Ιο
611 734 814 802 1000011010
835 735 978 814 privavit
1000 731 1050 818 (V.
1068 733 1151 800 011
1167 732 1223 818 30,
1239 733 1284 818 1),
1306 751 1402 813 quam

225 843 335 904 tamen
365 839 559 921 paulopost
587 839 785 907 Philostrato
808 841 945 907 Lemnio
970 841 1088 923 viginti
1120 845 1271 921 quattuor
1301 853 1408 906 annos

227 952 303 1011 nato
331 947 449 1012 iterum
477 947 629 1027 praebuit
653 947 700 1026 (V.
726 947 757 1012 S.
780 948 815 1012 ΙΙ
838 945 891 1030 30,
916 946 957 1028 3).
1002 949 1220 1015 Philostratus
1248 947 1403 1014 Lemnius

228 1057 337 1118 autem
367 1053 580 1134 Hippodromi
612 1053 789 1135 discipulus
822 1059 893 1120 erat
921 1051 971 1138 (V.
1000 1054 1031 1120 S.
1058 1055 1094 1122 ΙΙ
1122 1055 1174 1137 27,
1203 1053 1245 1136 5),
1277 1054 1331 1134 qui
1362 1053 1409 1117 ah

228 1159 355 1224 00197
391 1179 493 1240 usque
524 1160 564 1224 ad
601 1175 653 1224 am
679 1159 742 1226 201
774 1161 915 1227 Athenis
949 1162 1151 1228 iuventutem
1186 1161 1309 1243 docuit,
1344 1177 1409 1225 nec

229 1267 388 1332 minorem
418 1265 461 1330 10
484 1268 578 1332 annis
607 1281 643 1331 a0
664 1266 726 1333 201
761 1268 974 1348 Hippodromi
1005 1268 1178 1349 disciplina
1208 1259 1281 1334 000
1313 1285 1408 1332 usum

230 1391 304 1439 0000
334 1374 510 1440 verisimile
539 1380 597 1440 est.
643 1374 759 1454 Itaque
788 1389 825 1441 a0
848 1375 918 1441 lere
947 1374 1011 1439 215
1040 1376 1229 1442 vicesimum
1259 1374 1407 1454 quintum

230 1499 347 1546 aunum
372 1481 451 1563 egit,
476 1500 549 1547 cum
572 1481 809 1550 immunitatem
839 1482 1013 1564 acciperet,
1043 1501 1105 1562 qua
1132 1483 1227 1564 paulo
1252 1485 1338 1562 ante,
1367 1493 1410 1544 a0‘

231 1586 301 1653 fere
325 1585 400 1669 213,
426 1589 587 1655 Ρο1110000
611 1589 759 1671 privatus
788 1594 868 1655 erat.
915 1589 1052 1655 Accedit
1081 1589 1165 1669 quod
1188 1588 1410 1654 Philostratus

231 1695 386 1760 Lemnius
405 1713 477 1761 cum
490 1695 649 1777 Olympiis
662 1694 854 1775 quibusdam
867 1695 1044 1761 orationem
1057 1694 1409 1776 haberet,vicesimum

234 1801 363 1868 tertium
392 1821 509 1866 annum
539 1800 649 1884 egid).
695 1802 810 1882 Itaque
838 1803 866 1868 si
895 1801 1054 1885 Olympiis
1085 1800 1118 1868 ai
1140 1800 1410 1867 2130011100οω.

232 1909 321 1974 illam
349 1897 474 1990 habuit,
505 1923 541 1974 a0
562 1907 625 1974 201
655 1908 858 1975 undecimum
888 1927 1018 1990 annum,
1048 1928 1144 1989 quam
1173 1914 1314 1975 aetatem
1342 1907 1410 1971 iam

233 2034 274 2082 ex
302 2016 366 2081 alia
393 2015 519 2081 ratione
548 2015 763 2096 poposcimus,
789 2013 911 2080 aomo
934 2016 1125 2082 vicesimum
1155 2015 1302 2095 00101001
1330 2013 1407 2095 egit.

323 2123 434 2202 Neque
464 2141 543 2187 voro
574 2123 729 2188 traditum
762 2129 827 2205 est,
860 2123 932 2202 quis
965 2123 1052 2188 inter
1085 2122 1342 2203 Hippodromum
1375 2125 1412 2185 01

233 2229 425 2304 Philiscum,
466 2229 617 2308 quamdiu
654 2229 847 2295 Heraclides
889 2229 1077 2294 cathedram
1112 2229 1266 2296 tenuerit.
1321 2228 1408 2292 Ante

235 2336 443 2402 Heraclidem
473 2336 654 2402 Pausanias
690 2336 750 2401 hoc
786 2352 918 2401 munere
953 2335 1165 2418 fungebatur,
1204 2335 1257 2414 qui
1294 2339 1411 2414 postea

235 2445 434 2524 superiorem
470 2442 658 2510 cathedram
692 2442 814 2508 Romae
849 2441 1050 2523 conscendit,
1089 2442 1143 2506 uhi
1179 2447 1322 2507 mortuus
1358 2446 1409 2506 est

202 2579 204 2582 ·
235 2548 285 2634 (V.
310 2549 341 2614 S.
364 2548 399 2613 Π
423 2547 486 2632 13).
533 2549 614 2614 Nam
635 2550 808 2628 Aspasium
830 2549 1065 2631 Ravennatem,
1089 2549 1143 2628 qui
1167 2547 1348 2614 Pausaniae
1376 2552 1416 2613 01

236 2656 457 2738 Hippodromo
472 2657 507 2720 in
523 2657 725 2737 disciplinam
743 2675 779 2722 se
795 2656 930 2722 tradidit
937 2653 973 2741 1),
990 2657 1128 2737 primum
1144 2653 1275 2740 Romae,
1292 2654 1415 2721 deinde

236 2763 377 2829 Athenis
400 2763 579 2829 studiorum
596 2781 693 2829 causa
717 2767 947 2829 commoratum
971 2781 1045 2830 0000
1061 2762 1272 2828 manifestum
1288 2767 1349 2843 est,
1374 2766 1409 2824 ut

237 2871 491 2936 concludendum
524 2871 568 2935 sit
595 2870 790 2936 Pausaniam
817 2870 940 2934 Romae
969 2861 1130 2950 docuisse,
1166 2867 1242 2932 dum
1270 2867 1416 2933 Athenis-

236 2977 439 3060 Heraclides,
464 2977 674 3058 Hippodromi
699 2977 859 3050 decessor,
884 2972 1059 3041 cath‘edrae
1079 2961 1257 3056 praeesset.
1295 2974 1416 3054 Itaque

196 3157 199 3162 ,
237 3084 416 3150 Pausanias
441 3084 577 3150 docebat
591 3084 714 3150 Romae
737 3085 766 3148 si
788 3102 852 3149 nou
869 3099 970 3162 usque
987 3082 1028 3147 ad
1051 3083 1264 3164 posteriorem
1280 3099 1409 3162 annum,

238 3195 383 3256 attamen
407 3209 508 3270 usqua
532 3190 571 3255 ad
597 3187 660 3253 197
686 3188 770 3272 (oum
795 3209 858 3256 uon
882 3191 936 3272 sit,
960 3208 1017 3255 cur
1033 3189 1192 3270 Aspasius
1214 3188 1324 3254 studia
1346 3205 1411 3252 non

239 3298 490 3382 continuaverit)
515 3302 548 3363 et
564 3296 704 3362 Athenis
728 3301 804 3364 aute
827 3296 1037 3364 Heraclidem
1057 3296 1245 3362 cathedram
1268 3296 1417 3362 tenebat..

239 3407 348 3485 Atque
372 3424 443 3471 cum
460 3404 645 3469 Hadrianus
670 3419 706 3468 a0
726 3403 797 3471 iere
822 3401 887 3466 190
902 3409 1047 3470 mortuus
1072 3403 1115 3469 sit
1133 3402 1266 3485 Romae,
1291 3403 1412 3468 Pausa-

243 3513 331 3579 niam
355 3512 416 3579 hoc
439 3532 523 3578 anno
546 3512 681 3578 Romam
705 3513 896 3578 arcessitum
921 3529 994 3577 0000
1018 3509 1246 3577 concludimus.

330 3621 507 3686 Pausanias
532 3625 639 3686 autem
663 3619 804 3685 Athenis
827 3637 891 3684 uon
914 3617 970 3682 diu
999 3617 1147 3684 docuisse
1170 3618 1309 3702 videtur,
1338 3637 1416 3684 narn

242 3734 318 3794 aute
343 3729 535 3794 Pausaniam
559 3733 594 3794 et
621 3732 694 3808 post
717 3726 918 3793 Hadrianum
941 3725 1058 3791 Pollux
1086 3728 1197 3792 noster
1225 3726 1413 3792 cathedram

239 3873 452 3882 ..-.-.—·-

331 3943 351 4008 ¹)
370 3942 479 3993 Auctor
497 3941 619 3992 vitarum
644 3939 835 4007 sophistarum
853 3938 1060 3991 Philostratum
1078 3939 1225 3991 Lemnium
1245 3937 1418 4005 discipulum

242 4029 429 4099 Hippodromi
447 4031 579 4097 appellat,
599 4029 729 4082 nimirum
752 4028 827 4095 quod
846 4028 907 4080 0100
927 4027 1075 4094 disciplina
1097 4027 1246 4079 institutus
1265 4033 1334 4092 erat,
1357 4043 1418 4078 000

243 4136 298 4186 quo
318 4119 511 4171 Philostratus
530 4119 703 4183 etiamtum,
723 4119 757 4169 22
776 4134 865 4170 annos
884 4123 978 4183 00100,
1002 4116 1156 4184 discipulus
1176 4122 1259 4167 esset.
1297 4115 1420 4181 Saepius·

242 4208 314 4261 enim
335 4209 528 4260 Philostratus
553 4207 696 4275 sophistas
722 4207 875 4273 discipulos
894 4207 1018 4274 appellat
1041 4205 1169 4270 alicuius,
1195 4204 1249 4256 0101
1267 4204 1419 4272 disciplina

241 4313 298 4348 non
317 4297 374 4349 iam
392 4302 520 4348 utuntur.

333 4388 355 4456 ⁸)
375 4386 476 4438 Suidas
494 4403 521 4453 p.
542 4386 593 4437 184
606 4386 640 4436 00
660 4385 770 4436 Behker
782 4385 831 4452 (=
843 4385 1050 4448 Westorrnann,
1069 4383 1164 4448 Biogr.
1185 4383 1283 4439 Graec.
1303 4401 1329 4452 p.
1343 4385 1421 4450 33¹1)t
