3402 5066
710 342 931 406 „51-

226 518 412 599 exigentes,
446 517 522 597 quid
554 519 810 602 Amphictyones
840 521 875 585 in
906 522 1052 587 historiis
1085 523 1313 606 Babyloniacis
1345 528 1406 592 sibi

228 624 341 688 velint.

318 749 447 814 Deinde
475 749 576 815 codex
599 749 712 816 Allatii
743 751 870 816 titulum
902 753 1036 820 exhibet
1064 755 1097 818 in
1120 754 1213 820 initio
1236 745 1332 837 primi
1357 776 1406 821 ex-

227 855 333 934 cerpti
358 849 526 937 Ἀδριανοῦ
550 863 608 916 111
632 857 762 941 ῥήτορος
784 855 917 936 μελέται
939 862 1034 940 τινές,
1059 879 1122 939 qua
1138 861 1405 943 exinscriptione

226 961 483 1026 concludendum
520 969 585 1044 est,
625 981 689 1028 non
725 983 821 1028 unum
857 965 960 1030 solum
994 965 1212 1047 fragmentum
1248 968 1406 1040 Hadriani

229 1075 353 1145 extare,
378 1069 436 1132 sed
460 1070 488 1133 si
511 1087 573 1134 non
599 1069 703 1151 plura,
727 1077 817 1135 certo
841 1069 911 1136 duo.

318 1192 468 1272 Denique
497 1193 662 1258 Hadriano
691 1193 752 1258 duo
781 1195 899 1276 priora,
928 1197 992 1260 tria
1019 1199 1199 1277 posteriora
1222 1199 1406 1282 fragmenta

228 1298 405 1368 Iamblicho
429 1318 503 1366 esse
525 1299 719 1365 vindicanda
743 1299 837 1366 ducat
861 1301 1002 1392 codicum
1028 1302 1126 1368 ratio:

318 1515 410 1597 Quod
433 1515 603 1580 secunda
626 1533 740 1579 manns
764 1514 884 1580 codicis
907 1515 1058 1580 Laurent.
1083 1517 1177 1582 LVII
1207 1517 1248 1580 12
1276 1520 1404 1584 titulum

224 1623 576 1754 ’111111111111111111
601 1673 732 1738 dubium
753 1690 826 1739 esse
850 1693 912 1739 non
934 1681 1051 1757 potest,
1077 1679 1153 1756 quin
1176 1678 1229 1742 hic
1252 1678 1404 1743 librarius

224 1785 366 1848 alterum
401 1780 542 1846 codicem
577 1781 738 1854 hahuerit,
774 1799 815 1845 ex
844 1799 905 1859 quo
936 1781 1064 1846 titulum
1094 1802 1113 1847 1
1140 1784 1243 1864 primo
1271 1785 1403 1848 librario

226 1891 411 1970 neglectum
439 1887 473 1951 in
497 1888 643 1968 margine
671 1887 830 1966 ascripsit.
876 1887 991 1967 ltaque
1020 1907 1092 1953 cum
1116 1908 1280 1970 sperarem
1305 1910 1403 1955 unum

223 1997 342 2062 saltem
374 2012 415 2060 ex
446 1994 551 2058 tribus
586 1992 749 2058 codicibus
780 1993 1011 2076 LeidensibuS‚
1044 1997 1098 2075 qui
1129 1998 1193 2062 tria
1223 1999 1403 2078 posteriora

223 2104 410 2185 fragmenta
440 2099 617 2165 Iamblicho
642 2099 818 2174 vindicant,
849 2100 897 2163 ita
925 2100 1111 2181 discrepare
1142 2123 1162 2168 e
1185 2104 1402 2169 1111111111-

225 2209 385 2288 acutiano,
411 2212 447 2271 ut
470 2224 541 2271 eum
565 2224 630 2270 non
654 2224 694 2271 ex
717 2206 778 2271 hoc
794 2206 914 2286 codice,
940 2208 998 2271 sed
1022 2226 1062 2273 ex
1079 2209 1151 2290 alio,
1176 2209 1316 2275 tortasse
1333 2213 1402 2276 eius

221 2317 295 2380 sive
319 2314 458 2397 gemello
487 2313 556 2378 sive
581 2313 766 2393 archetypo,
797 2314 995 2392 exscriptum
1024 2333 1097 2379 esse
1121 2323 1304 2397 appareret,
1329 2337 1347 2380 a
1372 2338 1401 2381 v.

222 2422 443 2486 illustrissimo
478 2419 507 2484 G
547 2419 586 2485 de
622 2419 717 2484 Vries
750 2421 910 2502 petebam,
945 2426 980 2483 ut
1011 2421 1136 2486 codices
1172 2422 1244 2487 illos
1276 2424 1315 2487 ad
1349 2443 1401 2488 mc

224 2529 378 2593 mitteret.
427 2527 512 2609 Quos
536 2534 705 2606 postquam
729 2527 785 2590 ille
809 2527 888 2590 mihi
919 2528 1076 2593 benevole
1100 2529 1291 2610 transmisit,
1330 2531 1400 2610 ipse

222 2636 362 2716 primum
386 2634 513 2699 contuli.
1120 2657 1122 2662 ·

314 2742 393 2805 Cum
418 2740 611 2819 Exemplum
636 2739 876 2804 Gronovianum
901 2739 942 2802 28
967 2769 1009 2792 =
1039 2740 1089 2806 Ga
1112 2742 1183 2808 sine
1207 2743 1303 2806 dubio
1327 2762 1400 2822 apo-

225 2849 371 2929 graphon
396 2865 469 2912 esse
482 2846 688 2911 lleibomiani
705 2847 848 2912 Jacobus
868 2845 950 2911 Geel
973 2847 993 2911 l.
1012 2849 1032 2911 l.
1049 2866 1077 2926 p.
1104 2847 1145 2908 24
1169 2849 1265 2929 dicat,
1290 2856 1398 2912 tamen

224 2973 262 3018 ex
291 2953 529 3033 subscriptione
561 2953 628 3018 cod.
661 2950 711 3017 Ga
734 2960 870 3033 apparet
893 2953 1032 3018 scribam
1061 2941 1113 3018 ex
1129 2955 1238 3019 codice
1263 2955 1398 3034 quodem

222 3061 444 3125 Laurentiano
471 3059 659 3140 hausisse1).
714 3060 841 3138 „Pauca
863 3061 945 3124 haec
967 3059 1139 3126 Iamblichr
1162 3062 1313 3126 hortante
1337 3063 1399 3126 cla·

224 3167 296 3231 riss.
314 3166 476 3232 Gronovio
499 3167 533 3230 in
551 3166 755 3231 Bibliotheca
769 3166 990 3232 Laurentiano
1013 3165 1200 3232 Florentiae
1224 3187 1266 3232 ex
1290 3168 1398 3232 codice

221 3274 354 3337 minime
377 3281 506 3338 vetusto
531 3271 719 3353 descripsi“.

313 3397 475 3478 Scriptum
499 3404 550 3463 est
572 3399 633 3462 hoc
656 3399 877 3477 apographum
899 3396 949 3462 Ga
973 3401 1013 3463 ab
1038 3416 1074 3462 eo
1096 3398 1175 3479 vire,
1201 3417 1293 3476 quem
1321 3401 1397 3475 „oon

219 3495 285 3564 οἶδ’
309 3499 367 3564 εἴτ’
392 3501 592 3565 ἀπαίδευτον
614 3505 665 3565 δεῖ
691 3501 891 3564 1111111111
916 3504 1193 3585 πεπαιδευμένων,
1224 3501 1289 3566 εἴθ’
1313 3505 1396 3586 ὅπερ

221 3607 342 3693 εὔηθες
364 3610 448 3681 δόξει
471 3610 525 3672 καὶ
542 3608 743 3673 ἀπαίδευτον
766 3610 820 3670 καὶ
837 3611 1136 3688 πεπαιδευμένον1.
1168 3609 1395 3676 (1111111111

223 3720 366 3782 seribere
395 3720 477 3782 bene
505 3718 607 3799 novit,
639 3718 696 3782 sed
719 3725 787 3782 tam
810 3718 924 3782 insane
948 3711 1250 3797 interpunxit‚[tam
1275 3725 1396 3782 temere

223 3824 366 3905 syllabas
398 3830 549 3889 accentus
578 3824 711 3904 spiritns
740 3830 795 3888 ant
823 3823 970 3905 neglexit
1001 3829 1064 3892 aut.
1080 3825 1297 3904 commutavit,
1328 3832 1393 3888 tam

218 3930 332 4009 inepte
356 3949 468 3995 vocum
500 3931 628 3996 litteras
662 3930 813 3995 distraxit
843 3948 1017 4009 earumque
1048 3948 1090 3994 ex
1118 3931 1270 3995 membris
1294 3949 1394 3994 novas

308 4158 329 4224 1)
349 4161 430 4210 Hanc
449 4148 685 4225 subscriptionem
704 4158 779 4224 typis
794 4158 943 4223 diligenter
962 4158 1087 4209 excussit
1099 4159 1130 4210 P.
1145 4158 1287 4208 Hofmann
1301 4159 1393 4208 Poorl·

218 4249 304 4312 lramp
323 4249 501 4300 Bibliotheca
520 4247 618 4299 critica
636 4263 710 4298 nova
728 4249 760 4298 II
781 4248 849 4298 1826
867 4264 894 4313 p.
914 4248 965 4298 228
986 4264 1026 4313 sq.
1231 4289 1232 4292 ,

1138 4383 1143 4392 ,
1200 4333 1231 4386 4*
