3402 5066
775 444 995 510 ..32-

341 648 371 694 n.
404 626 468 692 143
502 647 531 708 p.
566 625 629 689 251
660 627 692 722 R
731 621 796 688 164
827 624 856 689 L

301 737 426 808 Θνείαν
448 733 530 815 λέγε,
554 730 599 819 μὴ
624 729 714 817 ἰγδιν.Ι

342 1285 372 1330 n.
408 1263 471 1329 153
509 1285 540 1345 p.
574 1261 638 1329 265
669 1263 699 1328 R
736 1262 800 1325 176
830 1261 858 1326 L

300 1372 448 1456 παροψὶς
474 1369 512 1433 τδ
536 1373 632 1456 ὄψον,
665 1369 736 1446 οδχί
762 1366 798 1429 δὲ
823 1367 860 1428 τδ

299 1475 436 1557 ἀγγεῖον1
471 1486 567 1540 τοῦτο
598 1475 634 1538 δὲ
661 1473 811 1558 τρύβλιον
839 1470 857 1560 ἢ

297 1581 448 1668 λεκάριον
470 1582 631 1645 καλοῦσιν.

343 2580 373 2625 n.
404 2557 469 2624 262
501 2580 531 2640 p.
571 2557 636 2623 355
671 2558 700 2623 R
739 2559 803 2624 293
835 2558 863 2622 L

300 2665 411 2748 φλοῦς·
448 2665 502 2726 καὶ
541 2672 636 2727 τοῦτο
668 2660 863 2752 ἡμάρτηται·

301 2771 332 2833 οἱ
349 2770 408 2850 γὰρ
425 2766 597 2853 Ἀθηναῖοι
612 2769 715 2852 ωλέως
730 2769 862 2848 λέγουσι.

302 2878 356 2939 καὶ
380 2877 416 2937 τδ
443 2875 511 2938 όπδ
534 2881 650 2940 τοότοο
675 2875 863 2956 πλεκόμενα

299 2983 415 3066 φλέῐνα
439 2983 593 3048 καλεῖται.

344 3111 374 3155 n.
406 3088 470 3152 312
509 3109 538 3170 μ.
570 3088 634 3154 418
669 3089 698 3153 R
733 3086 799 3151 334
832 3090 859 3152 L

300 3192 488 3275 ἰνδομενία
502 3193 649 3277 ἀμαθῶς,
661 3194 735 3256 δέον
751 3193 863 3265 διττῶς

302 3301 416 3382 λέγειν,
463 3304 505 3372 ὡς
550 3298 694 3370 Εὔπολις
733 3298 861 3380 Κόλαξι,

301 3412 398 3492 σκεόη
420 3407 460 3471 τὰ
485 3406 568 3470 κατὰ
597 3403 657 3492 την
681 3402 785 3468 οἰκίαν
808 3404 862 3467 καὶ

301 3509 436 3579 ἔπιπλα.
592 3503 594 3507 ’

320 3997 323 4036 3
342 3958 375 4016 ¹n.
389 3937 453 4002 348
466 3959 495 4020 p.
508 3933 861 4024 470R373L0o'x0'ac

301 4039 862 4131 δεσπότηςλεκτέον,οδχὼςἊλεξις

303 4148 571 4235 οἰκοδεσπότης..,,
610 4193 673 4236 .,3':
724 4225 727 4230 Ι
782 4232 784 4238 ¹

956 624 987 688 X
1006 622 1069 688 103
1091 622 1149 711 τὴν
1165 623 1200 686 δὲ
1216 625 1319 687 θοίἀν
1331 627 1385 689 καί
1401 628 1473 691 δνό-

911 730 980 793 διον
1009 729 1115 802 εἴποις
1146 724 1187 794 ἂν
1224 728 1295 794 κατ’
1324 728 1474 817 Ἀριστο-

911 833 1045 922 φάνην.
1075 890 1080 903 .
1111 838 1165 900 καὶ
1196 835 1277 917 ἴγδιν
1304 839 1339 903 δὲ
1370 839 1474 928 αὐτὴν

912 943 1081 1031 κεκλήκασι
1117 945 1226 1008 Σόλων
1263 967 1299 1009 τε
1333 943 1369 1010 ἐν
1405 955 1476 1020 τοῖς

914 1045 1041 1132 ἰάμβοις
1057 1050 1157 1130 λέγων
1173 1106 1178 1117 .
1196 1105 1202 1117 .
1220 1105 1226 1118 .
1242 1055 1297 1116 καὶ
1314 1050 1361 1117 ἔτι
1377 1062 1472 1139 σαφέ·

914 1175 1030 1250 στερον,
1051 1154 1236 1243 Ἀντιηάνης
1258 1159 1473 1250 Κοροπλάδῳ.

958 1266 991 1330 Χ
1014 1263 1055 1329 87
1089 1265 1146 1338 τὰς
1173 1265 1209 1328 δὲ
1239 1269 1426 1353 παροψίδας
1455 1268 1474 1355 λγ

914 1370 975 1450 μὲν
1021 1371 1154 1457 πλείστη
1202 1379 1310 1460 χρῆσις
1354 1370 1474 1455 ἐλέγχει

914 1482 1059 1558 τοῦνομα
1091 1474 1148 1542 ἐπὶ
1185 1478 1285 1566 μάζης
1321 1478 1337 1568 ἢ
1368 1482 1474 1562 ζωμοῦ

914 1607 1000 1657 τινος
1026 1584 1045 1672 ἢ
1072 1581 1244 1666 ἐδέσματος
1268 1589 1427 1672 εὐτελοῦς,
1457 1585 1475 1652 ὃ

915 1689 981 1755 ἔστι
1033 1694 1306 1781 παροψησασδαι,
1358 1699 1496 1760 τεθέν.

915 1801 952 1861 οἰι
976 1797 1041 1886 μὴν
1065 1797 1145 1862 ἀλλὰ
1169 1799 1252 1863 κάπὶ
1284 1804 1320 1864 τδ
1345 1801 1474 1882 ἀγγεῖον

915 1903 1052 1967 ἑλκτέον.
1078 1905 1138 1994 την
1174 1907 1298 1994 κλῆσιν·
1339 1911 1378 1972 οἰ
1415 1909 1475 1994 γὰρ

915 2014 1061 2092 ἄχθομαι
1092 2013 1132 2075 τὰ
1163 2016 1289 2102 σονηδη
1317 2025 1382 2077 τῶν
1405 2017 1474 2079 δνο-

914 2117 1035 2202 μάτων,
1045 2113 1106 2181 κᾶν
1121 2117 1215 2205 παρά
1231 2143 1294 2185 τινι
1305 2131 1369 2184 τῶν
1380 2108 1476 2210 ἧττον

913 2230 1109 2310 κεκριμένων
1133 2219 1224 2310 εἰῗρω,
1249 2227 1406 2312 παράγων
1430 2229 1476 2302 εἰς

913 2338 1032 2418 χρῆσιν,
1063 2328 1198 2396 ἐπειδάν
1222 2331 1283 2413 ἔχοι
1311 2333 1372 2423 τὴν
1393 2337 1476 2422 πρδς

914 2442 971 2501 τόν
1000 2438 1138 2503 εἰπόντα
1167 2439 1377 2530 ἀποστροφήν
1405 2493 1410 2506 .
1436 2497 1442 2509 .
1467 2495 1473 2508 .

961 2549 995 2612 Χ
1029 2547 1092 2612 178
1124 2547 1259 2633 φλοΐνην
1290 2549 1324 2611 δὲ
1353 2546 1478 2637 εὀδητα

918 2647 1091 2735 Ἡροδότου
1121 2652 1280 2733 εἰπόντος,
1310 2657 1359 2719 σοὶ
1381 2667 1479 2719 τοῦτο

918 2752 1059 2842 ὑπάρχει
1094 2761 1198 2840 λέγειν
1235 2764 1289 2825 καὶ
1325 2758 1383 2826 ἐπὶ
1413 2772 1480 2826 τῶν

918 2866 1024 2929 ἄλλων
1049 2863 1250 2951 πλεγμάτων,
1277 2859 1344 2933 οἰον

960 3082 993 3145 Χ
1018 3080 1059 3143 12
1082 3079 1142 3168 τὴν
1157 3081 1193 3145 δὲ
1213 3087 1367 3168 τοιαύτην
1381 3105 1478 3146 κατα-

918 3184 1035 3274 σκευὴν
1069 3183 1259 3268 ἰνδομενίαν
1298 3189 1328 3252 οἱ
1361 3191 1479 3254 πολλοὶ

917 3293 1083 3356 καλοῦσιν·
1116 3290 1176 3373 ἐγὼ
1204 3295 1239 3357 δὲ
1269 3299 1327 3360 οὐκ
1350 3293 1477 3360 ἐπαινῶ

915 3400 977 3480 μὲν
1000 3406 1154 3484 τοῦνομα,
1182 3406 1294 3486 μηνύω
1318 3404 1362 3486 δέ,
1392 3403 1480 3476 ὅστις

916 3506 1019 3571 εἰπὼν
1042 3510 1128 3594 αὐτῷ
1145 3507 1381 3589 ἀπολογεῖσθαι
1404 3514 1476 3592 βοά·

914 3614 1006 3694 λοιτο,
1037 3610 1079 3687 οἷς
1102 3610 1188 3678 ἔστιν
1212 3613 1247 3678 ἕν
1273 3638 1333 3680 τινι
1356 3618 1477 3703 βιβλίῳ,

915 3722 966 3783 δτι
978 3718 1013 3784 έν
1021 3718 1234 3802 Ὀλυμπιάδος
1248 3721 1427 3812 ἀπογραφῇ,
1437 3778 1444 3791 .
1455 3777 1479 3790 ..

914 3820 1012 3899 οὕτως
1036 3825 1257 3910 ἐγγέγραπται,

960 3935 993 3998 Χ
1016 3935 1058 3998 21
1085 3929 1164 3998 ἀλλά
1188 3934 1253 4022 μὴν
1274 3937 1315 3998 τδ·
1335 3942 1481 4000 κοινότα-

916 4019 970 4101 τον
993 4041 1080 4104 τοοτί
1103 4043 1158 4104 καὶ
1179 4042 1305 4121 μᾶλλον
1323 4043 1477 4128 τεθραλη·

859 4189 861 4194 -
914 4151 1026 4230 μένον,
1066 4148 1123 4211 τδν
1160 4145 1387 4234 οἰκοδεσπότην
1423 4151 1481 4213 καί

916 4252 975 4341 την
992 4252 1239 4337 οἰκοδέσποιναν,
1254 4256 1311 4320 οἰκ
1327 4254 1477 4336 ἀποδέχο-

915 4381 975 4440 μαι
1003 4361 1065 4440 μὲν
1096 4367 1246 4444 τοῦνομα,
1278 4356 1319 4434 ὥς
1346 4362 1386 4425 δὲ
1405 4359 1483 4451 ἔχης
