3402 5066
766 430 987 495 ..56-

376 611 503 679 Deinde
532 629 573 677 ne
607 612 675 677 cod.
701 611 733 676 M
757 608 885 690 quidem
914 626 955 674 ex
981 608 1012 672 A
1036 607 1201 674 derivatus
1231 613 1291 690 est,
1321 607 1405 689 quod
1430 608 1464 672 M

286 736 351 785 nou
381 719 482 784 solum
516 719 665 784 lacunam
693 718 760 783 cod.
789 716 829 796 A,
860 715 913 797 qui
943 715 1001 797 50,
1030 713 1050 776 6
1083 713 1374 798 παραπλευριδίοις
1409 714 1465 776 καὶ

286 825 403 898 omisit.
436 825 547 906 explet
574 824 631 890 sed
662 825 760 890 etiarn
789 840 900 888 omnes
932 821 1132 902 corruptelas
1164 821 1284 888 codicis
1309 824 1338 886 A
1366 821 1462 903 fugit,

284 949 359 996 oum
383 931 537 998 exhibeat

442 1036 497 1119 46,
524 1035 761 1118 131αμβ1ίχοιι
786 1033 948 1119 ἱστορικοῦ
972 1032 1228 1114 βαβυλωνιακῶν.

444 1140 498 1226 48,
523 1142 542 1204 2
567 1144 630 1226 ἄρα

444 1248 498 1333 49,
522 1248 542 1311 2
567 1250 654 1334 αὐτῷ
808 1333 814 1342 ⁸

445 1353 498 1439 50,
524 1355 545 1418 4
570 1350 740 1420 ἐλαύνουσι
766 1359 910 1419 Νισαίων

498 1460 540 1525 26
566 1467 704 1544 παρέχει

499 1568 539 1632 27
564 1569 706 1632 διδάσκει

443 1672 497 1758 52,
523 1676 540 1738 7
566 1678 795 1758 innueramus,

279 1786 317 1846 et
339 1781 410 1862 ipse
434 1801 454 1848 a
477 1781 595 1848 codici·
619 1786 648 1848 A
673 1784 804 1850 meliore
828 1784 989 1863 scriptura
1012 1782 1176 1863 discrepat
1199 1781 1251 1846 his
1273 1781 1353 1846 locis

441 1886 494 1970 43,
519 1889 539 1952 2
566 1885 647 1975 ἡμᾶς

442 1994 496 2077 45,
521 1995 563 2059 16
588 1995 840 2077 διαπεπρᾶχθαι

443 2098 497 2183 50,
523 2099 565 2166 10
588 2101 805 2188 χρυσήλαιιαν

435 2206 494 2291 53,
519 2206 561 2270 22
585 2207 669 2297 ἡμᾶς

516 2314 558 2378 23
583 2313 662 2378 ἀλλὰ

516 2420 558 2485 25
582 2425 690 2507 φησίν·
716 2421 849 2502 carpeti
875 2473 881 2487 .

362 2528 482 2610 itaque
511 2530 601 2620 Aet
628 2531 661 2594 M
685 2530 816 2612 gemelli
847 2536 923 2594 sunt
954 2549 1011 2609 per
1039 2548 1075 2596 se
1104 2529 1224 2611 singuli
1252 2528 1391 2593 derivati
1414 2545 1456 2592 ex

272 2634 388 2703 cotiice
422 2654 463 2714 ur,
493 2636 547 2716 qui
574 2636 636 2702 nisi
666 2637 749 2715 quod
778 2635 831 2717 44,
862 2635 882 2697 4
910 2637 1041 2701 titulum
1069 2635 1177 2701 omisit
1199 2641 1235 2701 et
1257 2633 1311 2716 44,
1341 2633 1382 2695 22
1410 2630 1454 2718 μὴ

274 2741 481 2824 δυνηθέντας
504 2742 660 2822 exhibuit,
686 2759 814 2822 semper
830 2742 995 2808 meliorem
1011 2743 1205 2823 scripturam
1228 2742 1328 2806 habet
1344 2739 1454 2806 codice

248 2863 300 2911 'x
326 2847 508 2930 archetypo
539 2846 683 2914 codicum
714 2849 741 2913 B
773 2854 807 2915 et
837 2848 898 2932 a1).
952 2849 1059 2915 Mditio
1089 2849 1241 2930 princeps
1273 2854 1380 2912 autem
1413 2866 1453 2913 ox

272 2954 417 3020 omnium
442 2973 591 3035 pessumo
615 2955 702 3021 iacta
725 2961 777 3021 est
799 2956 917 3022 codice.

849 3075 880 3119 ΠΙ

789 3147 940 3295 ΛΑΜ

369 3328 518 3407 Denique
542 3348 572 3393 m
598 3335 631 3395 et
654 3348 675 3393 x
698 3347 739 3394 ex
762 3347 825 3394 uno
849 3330 1026 3411 archetypo
1053 3348 1076 3411 y
1103 3347 1177 3396 esse
1205 3329 1345 3409 scriptos
1369 3347 1452 3394 oom-

277 3452 394 3500 munes
417 3435 553 3500 lacunae
577 3454 607 3516 p,
631 3435 684 3516 48,
711 3435 760 3499 13.
784 3434 837 3515 48,
855 3434 908 3514 25,
932 3455 1116 3503 communes
1140 3435 1342 3516 corruptelae
1367 3432 1397 3496 εἰ
1418 3433 1452 3498 δὲ

274 3540 359 3626 μήγε
383 3538 437 3623 48,
462 3539 514 3623 27,
538 3544 631 3626 νίκην
654 3541 707 3624 47,
730 3541 749 3602 2
771 3544 881 3625 μηδέν
904 3541 957 3625 55,
981 3540 1000 3603 2
1026 3541 1119 3624 (quas
1143 3542 1240 3608 etiam
1256 3542 1287 3606 M
1308 3540 1452 3625 exhibet)

275 3646 437 3720 docenti).
483 3650 597 3728 Itaque
620 3649 765 3713 codicum
789 3657 926 3714 stemma
950 3656 1001 3715 est
1023 3649 1095 3714 hoc:

370 3823 389 3888 ¹)
410 3823 514 3874 Mirum
537 3829 580 3874 est
604 3824 680 3890 quod
702 3840 783 3876 nemo
804 3824 894 3875 adhuc
914 3823 1036 3874 codicem
1055 3824 1085 3874 111
1104 3823 1232 3888 eontulit,
1257 3840 1290 3875 ex
1314 3840 1370 3890 quo
1389 3824 1452 3874 solo

276 3927 350 3978 quae
369 3913 514 3964 Hadriano
535 3929 606 3979 quae
625 3913 780 3964 Iamblicho
800 3913 968 3964 vindicanda
987 3913 1044 3964 sint
1061 3914 1228 3979 fragmenta,
1252 3920 1331 3965 certo
1349 3928 1450 3978 agnos·

279 3999 362 4065 citur,
386 4019 555 4069 quamquem
580 4019 614 4054 ex
638 4004 692 4054 hoo
715 4003 809 4055 codice
830 4019 926 4054 rumor
949 4003 996 4054 ille
1022 4009 1102 4054 ortus
1126 4009 1169 4054 est
1187 4003 1221 4054 de
1240 4002 1358 4068 integris
1377 4003 1450 4053 larn-

274 4089 363 4141 blichi
381 4091 563 4156 Babylonicis
582 4092 643 4158 (cfr.
664 4093 791 4144 Geelium
809 4094 827 4143 1.
847 4094 864 4143 1.
884 4109 911 4159 p.
931 4093 974 4156 24,
994 4092 1037 4142 tit.
1058 4091 1111 4159 72).

367 4181 390 4248 ⁹)
409 4181 484 4246 50,9
504 4178 620 4248 e'pianro
638 4198 690 4248 pro
711 4181 814 4249 ἔριππα
834 4198 868 4233 ex
881 4182 1070 4247 Xenophonte
1087 4181 1293 4233 restituendum
1306 4196 1368 4233 esse
1380 4187 1450 4247 puto

272 4269 338 4342 (cfr.
362 4287 389 4338 p.
413 4270 468 4337 59),
494 4271 537 4335 46,
569 4271 603 4320 12
631 4271 692 4324 κατ’
717 4271 823 4342 ιῖνδριδν
850 4287 901 4338 pro
930 4270 1036 4342 ιῖνδριῑν
1073 4271 1194 4322 fortasse
1226 4279 1302 4322 recte
1330 4268 1451 4321 coniecit

274 4358 452 4424 Meibomius,
472 4359 545 4424 49,3
565 4361 761 4432 περικειμένην
780 4361 813 4412 de
832 4361 979 4426 complexu
998 4359 1102 4427 optime
1117 4359 1228 4426 dicitur,
1247 4360 1297 4413 afr.
1315 4358 1349 4412 11.
1369 4359 1410 4423 19,
1423 4359 1450 4412 4.
