3402 5066
16 2079 28 2153 't

794 1311 819 1378 Ι.

329 1469 543 1561 Quomodo
571 1469 832 1571 Phrynichus
858 1477 904 1554 et
930 1471 1076 1555 Pollux
1103 1474 1217 1559 inter
1243 1497 1291 1560 se

653 1603 961 1687 contenderlnt

463 1816 486 1899 5
510 1817 542 1882 1.
566 1816 618 1883 lle
642 1815 828 1884 comoedis
850 1817 1014 1886 Pollucis
1037 1819 1148 1888 iente.

307 1951 464 2018 Veterum
487 1969 567 2030 qnos
582 1951 695 2016 laudat
709 1952 810 2018 libros
827 1952 990 2020 Pollucem
1006 1971 1068 2021 non
1085 1955 1193 2036 ipsum
1208 1956 1393 2038 inspexisse

214 2057 256 2123 ad
265 2058 390 2124 lexicon
398 2058 698 2124 vocumAtticarum
708 2058 1048 2142 instituendum‚ouius
1056 2061 1196 2143 epitome
1204 2063 1392 2146 superseri,

213 2164 272 2231 sed
283 2165 418 2231 eliorum
430 2165 733 2247 lexicographorum
746 2166 847 2246 copiis
861 2184 953 2232 usum
965 2183 1050 2250 esse,
1062 2168 1220 2250 imprimis
1229 2169 1393 2251 Pamphili

210 2268 349 2356 lexieo')
371 2272 442 2337 sire
464 2272 594 2354 integro
617 2271 688 2339 sive
711 2271 882 2338 aVestino
904 2272 938 2338 in
953 2281 1128 2358 angustum
1152 2275 1305 2358 eoactop,
1331 2295 1392 2344 neo

210 2378 317 2443 minus
349 2378 443 2444 lihris
473 2377 515 2445 de
545 2378 682 2463 slngulis
716 2377 907 2460 quibusdam
939 2381 1038 2447 rebus
1069 2382 1267 2464 compositis
1298 2382 1391 2450 velut

208 2483 317 2551 Jubae
341 2484 418 2569 περὶ
441 2487 616 2572 θεατρικῆς
639 2483 829 2570 ἱστορίαςῑ),
854 2484 927 2552 Rufi
950 2483 1086 2567 Ephesii
1113 2487 1188 2572 napi
1213 2487 1388 2568 ὀνομασίας

209 2593 274 2652 τῶν
290 2599 347 2654 τοῦ
364 2589 545 2676 ἀνθρώπου
560 2591 723 2678 propiori),
747 2592 979 2674 Aristophanis
1003 2593 1081 2678 περὶ
1101 2591 1230 2684 ἡλικιῶν
1251 2583 1409 2681 libris⁸)‚'

207 2698 272 2765 viri
295 2699 380 2765 docti
397 2718 469 2765 eum
486 2698 672 2765 iamdudum
687 2699 922 2784 intellexerint,
946 2700 1077 2766 dubium
1093 2719 1247 2769 essenon
1264 2707 1387 2784 potest,

209 2804 287 2885 quin
302 2805 419 2871 Pollux
440 2825 483 2873 ne
506 2807 644 2873 comicos
667 2805 795 2885 quidem
812 2823 891 2886 quos
915 2806 1028 2872 laudat
1042 2813 1155 2888 poetas
1179 2825 1290 2875 ornnes
1313 2809 1386 2890 ipse

207 2912 396 2993 inspexerit.
450 2913 532 2978 Nem
570 2931 762 2994 quamquam
800 2912 982 2979 comoedias
1018 2931 1055 2978 se
1091 2912 1213 2995 legisse
1253 2913 1385 2980 simulet

206 3015 278 3101 (cir.
302 3018 335 3083 X
357 3017 426 3103 49),
458 2999 596 3086 excusat
622 3019 706 3100 quod
729 3019 870 3086 Critonis
899 3019 1095 3086 Messeniam
1124 3027 1159 3086 et
1186 3019 1384 3087 Rhinthonls

297 3240 318 3307 ¹)
339 3240 395 3292 Ofr.
413 3241 562 3294 Bethaium
575 3241 767 3293 Nachrichten
780 3257 835 3292 von
850 3242 898 3293 der
911 3239 1026 3304 Kdnipl.
1046 3241 1199 3295 Gasellsch.
1214 3241 1238 3292 d.
1253 3239 1381 3292 Wissen·

206 3329 334 3381 schaften
353 3347 389 3381 nu
408 3329 563 3396 Gottingen
586 3331 652 3380 1895
671 3347 698 3396 p.
714 3329 774 3390 321,
794 3331 847 3381 383
861 3336 890 3383 et
902 3329 931 3381 in
943 3329 1075 3382 editionis
1094 3327 1181 3396 prael.
1196 3346 1223 3398 p.
1237 3329 1270 3396 V,
1289 3328 1382 3382 XVII.

204 3417 248 3469 De
266 3417 393 3484 reliquiis
413 3419 517 3471 codicis
542 3421 628 3486 paulo
647 3418 787 3470 uberioris
806 3419 867 3484 agit
884 3419 916 3470 n.
935 3417 1029 3471 Miller
1047 3419 1144 3471 Revue
1163 3417 1382 3486 ercheologique

203 3506 237 3560 N.
257 3507 285 3558 S.
299 3507 414 3560 XXVII
433 3509 511 3574 1874,
530 3525 556 3574 p.
576 3508 629 3558 260
649 3523 709 3573 sqq.
728 3508 790 3575 (cir.
811 3508 912 3560 Bethei
931 3506 996 3562 edit.
1016 3523 1042 3575 p.
1062 3507 1130 3559 XIV
1150 3521 1213 3558 cum
1232 3508 1335 3574 notspv

295 3604 317 3670 ¹)
336 3605 426 3656 Fedor
445 3605 586 3657 Stoientin
598 3606 641 3657 De
661 3604 727 3656 Iulii
745 3605 869 3657 Pollucis
886 3604 917 3657 in
936 3603 1056 3673 publicis
1073 3603 1288 3657 Atheniensium
1307 3602 1380 3656 anti·

203 3693 360 3760 quitatibus
380 3694 542 3746 enarrandis
561 3694 730 3746 auctoritate
751 3695 829 3760 1875,
848 3711 874 3761 p.
893 3694 937 3746 89.

291 3787 312 3858 ³)
331 3792 363 3844 G.
382 3792 412 3844 P.
432 3793 592 3844 Schdmsnn
609 3791 794 3845 Fleckeisenii
814 3791 992 3845 Jahrbltcher
1012 3790 1110 3842 CXIII
1132 3791 1208 3856 1876,
1228 3807 1255 3857 p.
1272 3789 1319 3842 181
1335 3807 1377 3856 sq.

202 3878 237 3930 B.
257 3879 350 3931 Schdll
370 3879 474 3932 Jenaer
492 3880 754 3947 Literaturaeitung
773 3882 820 3934 111
839 3880 917 3946 1876,
935 3896 962 3948 p.
982 3880 1043 3933 598.

290 3977 312 4045 ⁴)
331 3977 425 4029 Erwin
443 3979 542 4030 Rohde
562 3979 604 4030 De
622 3977 691 4030 Iulii
708 3977 835 4030 Pollucis
857 3977 888 4028 In
908 3983 1046 4045 apparatu
1066 3975 1194 4030 scaenico
1219 3975 1377 4030 enarrando

199 4065 326 4118 fontibus
347 4068 425 4119 1870.

289 4162 312 4232 ⁶)
330 4165 444 4218 Eduard
456 4167 585 4218 Zarnclre
602 4166 751 4231 symbolae
764 4165 801 4217 ad
813 4163 880 4217 Iulii
893 4163 1018 4217 Pollucis
1032 4169 1185 4216 tractatum
1199 4162 1232 4213 de
1245 4161 1376 4229 partibus

198 4253 325 4320 corporis
344 4255 461 4306 humani
481 4255 550 4306 1884
564 4271 591 4321 p.
611 4256 627 4306 5
647 4270 708 4320 sqq.

290 4349 312 4416 6)
331 4353 401 4405 Vide
421 4352 521 4404 Bethei
541 4352 772 4405 commentarium
790 4351 828 4404 ad
845 4350 971 4404 Pollucis
990 4349 1019 4404 11
1038 4352 1055 4402 8
1074 4367 1133 4416 sqq.
1154 4348 1351 4415 compositum.

1230 4439 1244 4489 l
