3402 5066
80 4778 195 4856 Α

791 447 1088 537 -84-’

313 652 485 735 phisticae‚
515 651 735 717 adversarium
763 652 878 718 habuit
901 653 1073 720 Chrestum
1096 653 1148 737 (V.
1173 654 1204 721 S.
1227 655 1262 720 H
1285 658 1337 739 11,
1367 656 1399 742 3)
1407 654 1431 742 ¹)
1456 663 1491 724 et

312 758 558 826 Athenodorum
574 757 704 825 Chresti
720 757 911 840 discipulum
934 760 984 840 (V.
1000 759 1031 826 S.
1046 761 1082 826 II
1106 759 1169 846 14),
1195 763 1249 842 qui
1268 763 1340 845 ipse
1363 783 1489 845 quoque

311 871 352 932 nt
374 865 530 932 chrestus
553 863 793 946 Hippodromus
813 866 1032 933 Philostratus
1055 874 1270 949 temperatum
1292 870 1490 937 atticismnm

312 972 423 1040 coluit.
462 970 664 1037 Hadrianum
688 977 806 1055 autem,
830 973 886 1053 qui
908 980 1043 1055 propter
1066 974 1216 1041 eximiam
1240 975 1368 1044 dicendi
1390 978 1490 1044 iacul-

310 1084 417 1146 tatem
443 1077 478 1143 in
501 1078 685 1160 suspicione
713 1079 794 1146 artis
822 1080 968 1162 magicae
997 1087 1068 1148 erat
1091 1080 1140 1162 (V.
1164 1081 1195 1148 S.
1217 1083 1253 1148 II
1276 1081 1329 1167 10,
1360 1084 1381 1148 9
1408 1083 1489 1146 abac

315 1210 347 1249 τι
379 1186 543 1265 εὐδόκιμος
573 1186 614 1256 ὠς
645 1183 700 1248 καὶ
734 1185 860 1257 πολλοῖς
890 1191 966 1270 γόης
995 1185 1108 1272 δόξαι),
1164 1189 1279 1256 Pollux
1313 1190 1490 1259 defendere

314 1294 454 1374 videtur,
479 1311 551 1358 cum
575 1291 679 1358 medio
702 1292 736 1358 in
760 1294 957 1359 onomastico
981 1294 1039 1373 (IV
1062 1294 1118 1378 47)
1145 1295 1305 1378 legamus:
1344 1297 1427 1369 λ’ςτις
1454 1296 1489 1360 δὲ

310 1399 456 1482 βούλοιτο
476 1395 616 1487 κακίζειν
640 1399 801 1486 σοφιστήν,
825 1402 925 1484 τούτῳ
950 1401 1091 1483 ὑπάρχει
1113 1401 1234 1481 λέγειν·
1257 1407 1337 1488 γόης.

404 1610 582 1680 Aristidem
609 1618 717 1679 autern
745 1614 800 1693 qui
822 1619 956 1696 propter
977 1616 1136 1683 rationem
1166 1618 1371 1684 atticissandi
1394 1618 1490 1684 nimis

311 1739 463 1788 severam
486 1719 688 1800 rigidamque
711 1720 817 1786 nullos
840 1721 910 1788 iere
932 1721 1047 1788 habuit
1070 1722 1254 1808 discipulos,
1277 1743 1360 1790 unns
1383 1743 1490 1791 aemu-

314 1829 401 1894 latus
435 1832 487 1894 est
521 1826 734 1908 Phrynichus.
788 1828 870 1894 Nam
901 1828 937 1893 in
967 1829 1172 1910 praefatione
1202 1831 1222 1897 l.
1252 1834 1299 1892 XI
1326 1850 1420 1912 quem
1448 1831 1489 1896 ad

315 1935 527 2001 Menodorum
543 1933 633 1999 misit
652 1933 789 1999 amicum
797 1934 831 2016 l),
848 1935 1026 2002 Aristidem
1041 1935 1137 2003 valde
1156 1936 1268 2004 laudat
1282 1959 1312 2021 p.
1330 1935 1429 2021 101a,
1447 1938 1489 2003 15

314 2039 393 2103 ddi
417 2035 531 2126 ἐφεξῆς
563 2039 748 2124 Μηνοδώρῳ
783 2043 1057 2127 προςπεφώνηται
1088 2039 1199 2120 πάλιν,
1224 2038 1260 2106 ἐν
1283 2031 1308 2128 ᾧ
1330 2044 1385 2108 καὶ
1408 2039 1491 2127 Ἀρι-

314 2147 439 2212 στείδοο
470 2153 533 2218 τοῖς
560 2145 659 2224 λόγοις
687 2140 742 2230 (ὥς
769 2147 878 2232 φησιν)
909 2144 1050 2228 ἑοοοχὼν
1077 2151 1160 2233 ἄρτι,
1188 2155 1261 2213 τότε
1288 2148 1490 2234 ἀκμάζοντος,

201 2331 205 2340 ἢ
316 2253 420 2318 πολὺν
434 2261 489 2316 τοῦ
505 2249 619 2337 ἀνδρὸς
634 2248 771 2316 ἔπαινον
784 2261 925 2318 ποιεῖται
939 2255 1004 2320 κτλ.
1013 2263 1047 2325 et
1062 2257 1322 2344 adversariorum
1336 2259 1490 2325 Aristidis

313 2362 364 2429 ita
383 2361 581 2428 mentionem
595 2361 684 2444 tacit,
704 2367 741 2426 ut
757 2379 812 2427 eos
828 2361 991 2445 castigare
1006 2363 1164 2430 videatur.
1188 2365 1269 2430 Tum
1284 2366 1490 2447 Phrynichus

318 2467 537 2535 Phavorinnm
559 2467 778 2534 acerbissimis
801 2469 912 2535 verbis
934 2467 1175 2551 reprehendit⁸)
1198 2472 1253 2552 qui
1276 2473 1396 2538 amicus
1420 2479 1492 2539 erat

316 2575 457 2641 Herodis
495 2574 545 2653 (V.
576 2573 608 2640 S.
638 2574 657 2638 i
686 2557 782 2657 8‚'4)
809 2575 965 2642 Aristidis
995 2576 1190 2662 adversarii,
1222 2584 1256 2645 et
1285 2579 1491 2646 adversarius

316 2681 500 2748 Polemonis
527 2679 571 2764 (V
572 2733 578 2747 .
602 2679 633 2746 S.
656 2682 673 2746 Ι
696 2679 749 2764 25,
780 2678 834 2766 12)
863 2683 1012 2766 magistri
1033 2683 1200 2751 Aristidis.
1244 2685 1392 2767 Denique
1418 2705 1491 2752 cum

317 2789 523 2872 Phrynichus
546 2788 764 2855 Phavorinnm
796 2789 946 2872 irrideat,
971 2790 1056 2872 quod
1087 2793 1212 2875 πρῶτος
1241 2794 1306 2856 τῶν
1334 2786 1491 2879 Ἑλλήνων

317 2895 478 2977 appellari
498 2894 647 2978 voluerit,
672 2896 744 2977 quis
767 2915 831 2962 non
848 2897 1014 2980 intellegit
1035 2899 1200 2980 respicere
1223 2919 1296 2967 enm
1319 2899 1359 2964 ad
1375 2900 1491 2966 Aristi·

317 3001 392 3068 dem
419 3002 567 3079 amicum,
600 3021 694 3083 quem
726 3003 788 3070 hac
819 3004 915 3071 lande
950 3004 1084 3088 dignum
1111 3024 1184 3073 esse
1214 3008 1364 3090 putabat,
1395 3025 1489 3087 quam

317 3109 481 3175 Aristides
502 3110 573 3190 ipse
594 3110 657 3176 sibi
672 3110 896 3177 vindicaverat
905 3113 929 3190 ⁴)
952 3119 987 3178 et
1000 3113 1198 3194 posteriores
1213 3113 1289 3180 inde
1308 3133 1328 3178 a
1344 3113 1490 3195 Libanio,

316 3216 464 3282 atticista
485 3215 541 3281 IV.
564 3235 589 3282 s.
613 3216 873 3300 diligentissimo,
902 3237 1004 3300 usque
1027 3220 1069 3285 ad
1092 3218 1292 3302 Scaligerum
1300 3223 1324 3300 ⁵)
1346 3220 1491 3287 tribuere

317 3343 383 3389 non
406 3321 621 3390 dubitabant?

408 3431 489 3505 euin
524 3432 623 3497 etiam
654 3431 784 3498 eosdem
816 3437 965 3498 veterum
996 3434 1182 3516 scriptores,
1216 3452 1296 3514 quos
1328 3433 1491 3500 Aristides

319 3537 384 3603 sibi
405 3546 618 3619 proposuerat
641 3536 826 3620 imitandos,
849 3539 1056 3620 Phrynichus
1081 3559 1206 3622 qnoque
1228 3541 1365 3622 optimos
1387 3547 1492 3607 testes

319 3645 481 3711 sermonis
504 3645 609 3712 Attici
630 3645 741 3728 habet,
766 3645 1019 3712 Demosthenem
1042 3647 1213 3714 Platonem
1228 3647 1491 3732 Thucydidem),

316 3770 398 3832 quos
427 3753 614 3819 coniunctos
641 3752 754 3818 laudat
781 3752 987 3835 Phrynichus
1016 3773 1047 3818 n.
1072 3751 1136 3818 287
1159 3774 1191 3837 p.
1215 3751 1281 3819 366
1303 3753 1342 3825 R„
1364 3752 1429 3818 312
1454 3755 1492 3820 L.

409 3946 616 4015 bffipffi

409 4037 429 4102 ⁹)
448 4035 569 4088 Photius
588 4037 648 4088 cod
670 4038 721 4088 158
740 4053 767 4104 p.
789 4037 847 4087 100.

411 4127 432 4192 ⁸)
451 4125 508 4178 (lfr.
527 4142 554 4192 p.
574 4126 610 4176 20
628 4141 669 4192 sq.

409 4212 432 4282 ⁴)
452 4214 509 4266 cfr.
527 4232 554 4282 p.
574 4215 616 4266 79.

408 4301 431 4370 ⁵)
449 4303 571 4370 Schmid,
590 4304 648 4356 Der
666 4303 832 4354 Atticismus
851 4303 882 4353 11
899 4319 926 4370 p.
948 4304 981 4354 16
999 4304 1062 4355 adn.
1081 4305 1124 4356 38.

408 4390 432 4460 ⁶)
452 4394 508 4445 Gir.
527 4410 555 4461 p.
576 4395 609 4445 18
628 4409 670 4460 sq.

334 4644 591 4720 ¹¹·-

1614 4239 1617 4246 ‚

1662 4471 1673 4874 ᾖ
