3402 5066
768 420 807 428 -
851 384 895 445 or
946 421 984 429 --

216 578 219 587 ·
281 557 487 642 Gorgianom
511 563 642 641 sopiunt
665 563 876 627 elocutionem
901 563 1058 641 imprimis
1084 565 1163 626 hacc
1188 562 1366 626 cmtntiota:

201 678 204 684 '
451 665 482 748 1)
508 663 621 745 εἰμὲν
645 667 703 748 γὰρ
728 663 847 745 ἐμίσιις
869 666 928 753 τὴν
952 672 1074 750 τέχνην,

607 776 664 836 οὐκ
688 767 729 835 ἂν
753 769 957 853 ἐμάνθανες·

410 899 414 914 ’
503 877 590 942 εἰδὲ
615 876 695 958 ἔχεις
718 879 777 966 την
801 875 992 966 ἐπιστήμην,

610 983 772 1069 eudonem,
798 989 856 1048 οὐκ
882 982 1010 1065 ἐμίσιις.

449 1092 485 1178 ,2)
509 1094 563 1156 καὶ
580 1097 639 1175 γὰρ
656 1094 713 1156 ὅσα
729 1094 790 1172 μὲν
807 1105 870 1154 τῶν
887 1089 1091 1178 ἀδικημάτων
1107 1094 1225 1179 τόλμης
1242 1090 1349 1171 ἔχεται
1364 1099 1465 1179 μόνης

607 1196 643 1262 ἐκ
667 1203 722 1262 τοῦ
747 1203 935 1286 πραχθῆναι
959 1200 1153 1278 declinarat

501 1308 564 1369 ὅσα
588 1305 616 1368 δ’
625 1304 691 1370 ἐστὶ
715 1310 825 1390 τέχνης
849 1304 1004 1389 καθάπερ
1023 1313 1219 1390 φαρμακεία,

610 1422 711 1476 ταῦτα
742 1416 796 1476 καὶ
821 1415 885 1496 πρὸ
912 1419 967 1496 τῆς
991 1411 1136 1494 πράξεως
1164 1413 1232 1476 ἀπὸ
1262 1419 1318 1501 της
1341 1415 1465 1498 γνώμης

666 1517 878 1600 διαβάλλεται.

450 1625 483 1711 3)
507 1623 631 1699 κολάζει
654 1624 713 1708 γάρ
737 1648 784 1696 τις
808 1621 825 1686 ὃ
848 1631 970 1708 φεύγει,

495 1732 680 1816 ,ζηλοτυπεῖ
694 1732 735 1794 δὲ
759 1728 777 1794 ὃ
799 1729 987 1812 μετ’ἅλλων
1012 1731 1084 1812 ἔχει.

380 1858 472 1940 Quod
489 1859 529 1924 de
546 1860 724 1924 elocutione
741 1859 993 1940 fragmentorum
1019 1861 1034 1919 l
1055 1867 1088 1924 et
1104 1860 1124 1922 2
1142 1859 1320 1939 didicimus,
1345 1859 1464 1938 optime

280 1965 428 2044 ÷qnadrat
456 1964 562 2046 adid,
594 1965 678 2044 quod
701 1965 919 2030 Philostratus
950 1965 989 2030 de
1014 1966 1172 2030 Hadriani
1201 1983 1348 2031 sermone
1372 1965 1464 2029 nohis

289 2070 391 2136 ‘tl'adit
407 2071 444 2135 V.
469 2069 499 2134 S.
523 2071 566 2152 X,
592 2068 644 2151 10,
672 2070 714 2135 10
737 2068 794 2156 τὴν
819 2069 852 2132 δὲ
878 2069 1087 2157 παρασκευὴν
1111 2077 1165 2157 τῆς
1185 2071 1296 2144 λέξεως
1318 2070 1385 2133 ἀπὸ
1402 2079 1465 2131 τῶν

280 2175 431 2258 ’ἀρχαίων
467 2185 620 2258 σοφιστῶν
653 2173 892 2256 περιεβάλλετο.
947 2178 1009 2260 Qui
1040 2179 1161 2244 fuerint·
1196 2181 1230 2242 hi
1258 2188 1388 2245 veteres
1416 2197 1464 2242 so·

288 2285 427 2364 phistae
457 2303 497 2348 ex
521 2284 589 2349 vita
612 2285 741 2350 Proculi
765 2284 983 2360 Naucratitae,
1018 2288 1070 2364 qui
1103 2286 1258 2350 Hadriani
1289 2286 1463 2364 discipulus

287 2397 360 2455 erat
382 2388 432 2471 (V.
457 2389 487 2454 S.
511 2391 553 2454 ll.
579 2389 630 2470 21,
658 2391 698 2473 1),
725 2391 892 2455 discimus:
918 2388 1108 2462 ἱππιιίζιντί
1124 2387 1246 2474 τ’ἐηὶκετ
1268 2391 1323 2452 καὶ
1346 2386 1464 2470 γορμά-

279 2495 370 2568 ἶζοντι
403 2495 453 2578 (V.
483 2495 513 2560 S.
542 2497 577 2560 ll
606 2497 658 2578 21,
691 2496 734 2576 3).
782 2497 950 2576 Sophistas
987 2500 1134 2577 antiquos
1168 2500 1232 2562 illis
1265 2499 1463 2578 temporibus

289 2603 345 2666 alii
370 2621 494 2680 quoque
517 2603 738 2683 imitabantur,
763 2614 799 2667 ut
823 2601 1032 2682 Scooclianus
1044 2605 1066 2686 1)
1096 2615 1129 2668 ct
1153 2603 1406 2679 Philostratus&
1431 2609 1464 2668 et

285 2708 559 2790 Hermogenem).
601 2708 671 2790 Qua
687 2708 726 2774 de
742 2728 779 2774 re
795 2708 908 2774 Rohde
928 2717 1017 2774 recte
1034 2711 1181 2776 docuisse
1195 2711 1276 2775 mihi
1295 2709 1463 2789 videturl).

376 2815 486 2895 Neque
499 2825 607 2881 tamen
626 2815 787 2881 Nordenio
805 2817 958 2881 assentiri
975 2835 1105 2896 possum
1124 2819 1176 2896 qui
1196 2818 1276 2882 illud
1294 2811 1464 2899 γορμάζειν

280 2929 324 2987 -et
334 2917 503 2994 ἱππιάζειν
514 2923 703 2988 elocutionis
715 2942 807 3002 quam
822 2922 933 2987 dicunt
942 2924 1072 2988 asianae
1083 2925 1245 3003 proprium
1259 2941 1331 2989 esse
1341 2920 1463 3004 putam)

290 3029 391 3093 Immo
416 3029 601 3093 Hadrianus
630 3031 717 3094 inter
748 3030 909 3094 atticistas
939 3031 1048 3095 eodem
1080 3031 1150 3096 iure
1173 3030 1389 3096 numerandus
1413 3034 1465 3094 est

280 3154 352 3214 aquo
376 3135 598 3216 Hermogenes
628 3144 661 3200 et
684 3136 912 3218 Philostratus,
941 3138 995 3216 qui
1018 3152 1214 3216 quamquam
1235 3137 1375 3218 Gorgiae
1399 3153 1464 3199 ser·

283 3259 416 3307 ,monem
447 3241 567 3321 laudat,
602 3247 712 3307 tamen
747 3261 782 3307 se
817 3263 835 3306 a
863 3243 1046 3309 rhetoribus
1076 3246 1130 3323 qui
1164 3244 1314 3308 dicuntur
1344 3243 1464 3308 asianis

291 3347 428 3412 secludit
464 3349 611 3427 pluribus
646 3349 742 3429 loeis,
774 3367 902 3428 semper
933 3369 988 3415 eos
1020 3350 1145 3431 laudat,
1177 3351 1231 3429 qui
1259 3351 1367 3415 Attico
1398 3367 1465 3413 ser·

281 3473 384 3519 unione
408 3460 554 3536 utuntur,
578 3455 650 3535 ipse
674 3457 908 3521 aPhilostrato
927 3457 1050 3522 minore
1074 3458 1159 3522 inter
1178 3457 1340 3522 atticistas
1356 3463 1465 3521 nume-

281 3559 424 3640 raturfl).
472 3560 536 3625 Sed
564 3581 635 3626 cum
664 3562 746 3627 haec
762 3581 829 3626 res
854 3564 969 3627 summi
998 3565 1151 3628 momenti
1175 3565 1218 3629 sit
1246 3564 1287 3627 ad
1310 3563 1464 3644 gravissi-

382 3773 403 3836 1)
422 3772 614 3822 Philostratus
634 3773 665 3822 V.
687 3773 713 3824 S.
734 3774 809 3835 121,
830 3775 855 3828 9,

382 3861 403 3925 12)
422 3860 614 3910 Philostratus
634 3861 715 3925 epist.
737 3863 778 3912 78.

382 3949 401 4013 ³)
421 3949 468 3999 111
486 3967 512 4014 p.
532 3951 584 3999 388
597 3951 693 4004 ‚Walm

382 4038 404 4101 4)
423 4039 530 4102 Rohde,
550 4039 607 4088 Der
626 4037 800 4102 griechische
818 4040 928 4090 Roman
948 4057 974 4105 p.
995 4041 1054 4092 325.
1148 4073 1149 4076 =

381 4125 404 4190 ⁵)
422 4127 544 4191 Norden,
571 4127 623 4178 Die
655 4127 752 4178 antiko
778 4128 960 4193 Kunstprosa
983 4129 998 4178 I
1023 4145 1049 4194 p.
1069 4128 1198 4194 380sqq.,
1228 4129 1277 4179 cfr.
1297 4128 1464 4194 Rohdeium,

283 4215 390 4268 intrem.
411 4216 484 4268 Mus
503 4217 536 4265 41
556 4233 582 4282 p.
605 4217 662 4267 189,
1144 4217 1146 4228 ’
1170 4220 1173 4243 ³

381 4305 402 4369 6)
421 4305 580 4368 Imaginum
599 4305 686 4370 praef.
704 4308 731 4356 .1.
