3402 5066
766 425 997 487 ..42-

384 603 447 670 Sed
471 605 637 670 mittamus
660 621 834 684 parumper
856 603 1070 686 Hadrianum,
1094 621 1286 683 quaeramus
1309 604 1351 670 de
1366 603 1468 669 Hera·

295 710 389 777 clidis
413 716 447 777 et
469 710 685 792 Hippodromi
700 710 916 790 sophistarum
940 711 1149 792 temporibus.
1188 710 1332 793 Quorum
1346 709 1469 792 Hippo·

296 817 426 884 dromus
445 823 614 898 postquam
639 817 827 885 cathedram
855 836 915 899 per
938 822 1089 898 quattuor
1116 817 1186 883 iere
1208 835 1310 884 annos
1329 817 1469 882 obtinuit

295 920 346 1006 (V.
363 923 394 990 S.
411 924 445 988 ΙΙ
462 923 515 1007 27,
532 923 576 1004 6),
600 923 772 1007 Smyrnam
787 924 879 991 venit
900 923 1078 990 Heraclide
1092 924 1157 989 inm
1173 929 1298 989 mortuo
1322 923 1371 1003 (V.
1387 922 1417 989 S.
1434 923 1469 988 ΙΙ

296 1029 349 1113 27,
376 1028 415 1114 7).
454 1029 647 1097 Heraclides
670 1035 780 1097 autem
802 1031 990 1112 priusquam
1006 1029 1163 1114 Smyrnae
1186 1030 1304 1112 docuit,
1327 1029 1470 1096 Athenis

295 1137 470 1204 cathedrae
493 1136 635 1217 praefuit
657 1135 709 1221 (V.
733 1135 764 1202 S.
779 1136 814 1202 Π
830 1136 884 1219 26,
909 1134 950 1222 l).
985 1137 1102 1217 ltaque
1116 1135 1325 1203 Heraclidem
1346 1136 1469 1217 Hippo·

297 1243 427 1310 dromus
443 1250 574 1310 secutus
598 1248 659 1328 est,
683 1262 747 1310 non
763 1243 956 1311 Heraclides
971 1242 1266 1328 Hippodromum1).
1306 1243 1470 1310 Oathedra

294 1350 490 1417 Atheniensi
521 1356 630 1417 autem
661 1350 841 1417 decessisse
872 1350 1003 1418 videtur
1032 1351 1225 1417 Heraclides
1255 1350 1352 1430 paulo
1379 1357 1468 1430 post

295 1476 391 1537 quam
426 1475 533 1523 coram
564 1455 684 1525 Severo
719 1456 916 1538 imperatore
951 1456 1187 1524 continuandae
1222 1456 1468 1524 declamationis

295 1564 434 1631 facultas
458 1583 531 1631 eum
555 1564 722 1632 deiecerat
743 1564 793 1645 (V.
817 1563 848 1629 S.
871 1564 906 1630 H
930 1564 983 1647 26,
1000 1563 1045 1649 3),
1069 1565 1123 1644 qui
1146 1565 1322 1645 imperator
1344 1577 1381 1629 a0
1401 1565 1469 1628 197

295 1671 434 1738 Athenis
458 1670 601 1737 moratus
624 1668 716 1756 est').
762 1671 1000 1752 Hippodromus
1023 1671 1125 1754 igitur
1153 1673 1194 1738 ab
1218 1669 1340 1736 a019l
1364 1689 1470 1750 nsque

294 1776 335 1841 ad
359 1791 407 1842 am
424 1774 487 1842 201
513 1777 687 1845 cathedrae
710 1778 862 1861 praefuit,
887 1778 1026 1860 gratiam
1050 1783 1159 1846 autem
1174 1779 1379 1858 imperatoris
1403 1777 1466 1844 sibi

294 1883 534 1966 conciliauerat,
559 1884 641 1964 quod
658 1885 818 1953 Clementi
833 1885 993 1967 Byzantio
1009 1885 1177 1953 victoriam
1200 1886 1345 1952 tribuere
1369 1903 1470 1951 ausus

294 1994 376 2074 erat,
400 1991 449 2072 (V.
473 1990 504 2057 S.
526 1991 561 2056 Π
585 1991 638 2073 27,
662 1990 705 2074 2),
735 1992 809 2057 dum
837 1993 1031 2074 Byzantium
1059 1991 1227 2059 obsidetur
1253 1989 1465 2076 (194-196).

224 2087 226 2092 ’
382 2097 635 2178 Hippodromum
652 2098 706 2178 qui
723 2099 826 2164 secuti
845 2099 913 2164 sint
927 2099 1099 2182 nescimus,
1123 2099 1242 2166 scimus
1258 2113 1295 2164 a0
1313 2098 1384 2164 iere
1400 2095 1469 2162 213

294 2204 473 2270 Philiscum
504 2203 692 2272 cathedram
723 2205 905 2288 accepisse,
938 2224 1033 2286 quam
1064 2224 1124 2287 per
1156 2206 1334 2272 truciter
1364 2223 1468 2270 annos

294 2398 376 2449 Stura
400 2399 447 2449 III
471 2399 541 2466 117).
579 2399 802 2471 Λαμβανέτωσαν
826 2401 855 2452 δὲ
877 2397 982 2472 μισθὸν
1002 2397 1104 2459 πάντες
1129 2391 1205 2453 οὗτοι
1225 2402 1250 2451 oi
1275 2397 1322 2458 τὰς
1344 2397 1395 2455 ἔξω
1419 2404 1467 2468 τῆς

292 2482 396 2546 adieras
406 2485 490 2558 ἀρχὰς
502 2484 713 2560 ἐπιτρεπόμενοι
725 2526 731 2538 .
743 2528 749 2540 ,
761 2526 766 2539 .
778 2490 825 2541 καιΙ
836 2487 992 2559 ἅρχέτωσαν
1002 2486 1074 2561 μήτε
1084 2487 1198 2543 ἔλαττον
1211 2487 1262 2543 iad
1264 2509 1280 2541 ν
1291 2494 1370 2559 τριῶν
1380 2486 1416 2556 (εἰ
1426 2483 1467 2560 μή

295 2594 334 2634 τις
344 2572 484 2646 ἀδικήσειέ
494 2577 531 2644 τι)
540 2573 612 2649 μήτε
624 2578 720 2630 πλεῖον
730 2577 822 2637 πέντε,
849 2578 904 2629 Sed
917 2594 961 2629 me
975 2578 1077 2644 hercle,
1091 2578 1137 2630 hie
1149 2580 1229 2631 loeus
1242 2583 1286 2630 est
1298 2593 1332 2628 ex
1347 2576 1465 2629 concilio

294 2663 426 2730 Augusti,
446 2665 482 2716 ad
500 2665 576 2730 quod
594 2664 750 2733 Agrippam
769 2673 798 2718 et
816 2665 1009 2720 Maecenatem
1029 2667 1203 2732 adhibuerat,
1223 2682 1279 2733 quo
1298 2666 1328 2716 in
1347 2664 1464 2718 concilio

293 2752 442 2806 Maecenas
461 2753 491 2804 in
509 2755 582 2806 hanc
595 2753 764 2806 sententiam
783 2756 896 2807 locutus
915 2761 959 2807 est
977 2757 1054 2822 (nam
1072 2756 1164 2823 capita
1184 2756 1290 2808 14-40
1308 2771 1342 2808 ex
1355 2754 1466 2806 Maece-

292 2842 368 2894 natis
394 2842 522 2896 oratione
547 2849 626 2909 sunt;
651 2849 718 2911 post
741 2849 827 2911 caput
851 2846 884 2896 18
912 2844 1012 2912 „periit
1034 2845 1177 2912 Agrippae
1202 2844 1338 2896 orationis
1364 2843 1467 2906 exitus,

296 2931 441 2984 exordium
454 2933 606 2984 verborum
620 2932 809 2985 Maecenatis“
824 2933 1010 3002 Boissevain).
1039 2935 1160 2988 Revera
1174 2934 1336 2999 Augustum
1347 2932 1465 2985 iussisse

292 3022 403 3086 legatos
429 3021 464 3072 ab
487 3020 550 3088 ipso
576 3021 739 3087 designatos
763 3024 840 3074 ultra
863 3040 968 3075 annum
992 3039 1054 3076 esse
1078 3040 1141 3075 eum
1165 3023 1291 3090 imperio,
1318 3037 1465 3089 quousque

293 3108 424 3162 videlicet
442 3110 497 3176 ipsi
521 3111 652 3177 placeret,
680 3127 713 3162 ex
738 3111 861 3162 eiusdem
881 3111 971 3165 Cassii
990 3118 1106 3181 apparet
1125 3114 1142 3165 l.
1161 3113 1232 3164 LIII
1251 3129 1274 3165 c.
1295 3113 1328 3162 18
1353 3111 1414 3177 (ubi
1432 3111 1465 3161 de

292 3198 394 3261 legatis
407 3198 531 3264 Augusti
551 3199 655 3267 agitur)
676 3205 709 3274 τῇ
723 3191 773 3253 οὖν
790 3198 930 3271 ἐπικλήσει
951 3207 984 3276 τῇ
998 3208 1049 3255 τῶν
1068 3200 1290 3278 ἀντιστρατήγων
1310 3199 1372 3260 τοὺς
1391 3203 1463 3272 cipe

296 3284 357 3348 τοὺς
371 3293 495 3360 χρῆσθαι
515 3289 561 3342 καὶ
580 3285 625 3342 ἐπὶ
643 3290 728 3342 πλείω
747 3291 793 3342 καὶ
814 3289 943 3345 ἐνιαυτοῦ
951 3288 1062 3362 χρόνον,
1084 3291 1125 3361 ἐφ’
1139 3288 1203 3345 ὅσον
1222 3289 1257 3344 ἄν
1277 3280 1364 3361 deasq*
1383 3286 1464 3354 δόξοι,

292 3375 388 3450 ἄρχειν
407 3374 527 3447 ἐποίησε.
559 3377 614 3429 cfr.
635 3378 860 3444 Msrquardtium
878 3380 1030 3432 Romische
1045 3382 1318 3445 Staatsverwaltung
1331 3379 1358 3430 1⁹
1371 3395 1398 3445 p.
1411 3378 1475 3430 556Δ

293 3473 321 3518 et
341 3465 556 3518 Mommsenium
568 3466 735 3518 Remisehes
748 3469 925 3521 Staatsreeht
943 3470 986 3520 ΙΙ2
1004 3486 1031 3536 p.
1051 3470 1111 3521 245.
1142 3471 1244 3536 ltaque
1256 3483 1371 3535 gravem
1389 3483 1462 3518 erro-

292 3571 350 3607 rem
375 3561 404 3607 et
427 3555 566 3607 editorum
591 3555 682 3608 Taciti
706 3557 809 3623 corrigi
827 3560 892 3609 volo
912 3565 941 3610 et
964 3559 1080 3612 Christii
1099 3558 1268 3611 Geschichte
1293 3557 1342 3608 der
1360 3555 1468 3622 grieeh.

292 3643 360 3698 Litt.
385 3641 466 3696 1905*
489 3661 516 3713 p.
537 3645 588 3697 708
607 3661 634 3698 n.
660 3646 677 3695 8
702 3645 762 3711 (ubi
784 3663 836 3713 pro
855 3648 889 3698 42
909 3647 1000 3700 scribe
1019 3649 1066 3715 52)
1090 3647 1288 3700 dissertatione
1306 3647 1338 3698 P.
1357 3643 1473 3708 Meyeri·

292 3733 346 3786 uisi
359 3733 413 3799 (De
425 3733 599 3786 Maecenatis
614 3734 741 3787 oratione
755 3751 771 3787 s
784 3735 875 3789 Dione
888 3737 963 3789 fieta.
982 3736 1107 3789 Berolini
1121 3737 1211 3805 1891),
1230 3752 1315 3802 quam
1327 3734 1464 3800 inspicere

291 3839 348 3874 non
366 3822 455 3890 potui.
1037 3863 1039 3870 .

384 3913 405 3980 ¹)
425 3913 506 3965 Hrrat
524 3912 613 3978 igitur
630 3913 790 3980 Hertzberg
809 3916 827 3966 l.
846 3916 865 3968 l.
883 3915 930 3967 111
948 3932 975 3982 p.
996 3916 1055 3968 103.

382 3999 405 4068 π)
423 4000 561 4054 Nimirum
591 4001 744 4070 Septimius
772 4005 899 4056 Athenae
927 4004 1008 4070 visit,
1039 4021 1103 4056 cum
1131 4003 1282 4056 Brundisio
1310 4004 1340 4054 in
1367 4001 1470 4053 Asiam*

291 4091 451 4146 veheretur.
488 4089 867 4162 (Sahiuer1.1.1p.718).
897 4093 996 4159 Neque
1015 4093 1086 4144 enim
1106 4092 1268 4147 Heraclides
1287 4103 1320 4143 a0
1334 4091 1387 4144 202
1406 4090 1476 4142 sive·

294 4179 347 4230 204
367 4182 401 4234 ab
420 4179 642 4233 Atheniensibus
662 4183 774 4247 legatus
793 4183 829 4234 ad
849 4183 997 4235 Gaesarem
1016 4183 1160 4250 proiectus
1179 4189 1222 4234 est
1240 4181 1397 4247 (Revillout
1414 4181 1432 4230 l.
1445 4180 1464 4232 l.

295 4284 322 4335 p.
350 4270 399 4335 503
424 4271 477 4336 65),
506 4285 570 4321 cum
598 4270 774 4323 Heraclidem
803 4287 837 4323 ex
864 4272 992 4325 oratione
1019 4273 1183 4325 redeuntem
1211 4286 1307 4322 omnes
1335 4267 1473 4335 discipuli.

295 4358 423 4411 comitati
438 4359 495 4410 sint
507 4360 551 4426 (V.
566 4359 592 4412 S.
606 4359 638 4412 11
651 4360 694 4424 26,
706 4362 742 4426 4).
771 4361 856 4412 Hrror
869 4368 954 4414 natus
968 4371 1011 4413 est
1025 4378 1060 4413 ex
1073 4361 1177 4414 Olearii
1191 4360 1256 4413 edit.
1269 4360 1302 4413 V.
1316 4360 1344 4413 8.
1363 4375 1389 4426 p.
1403 4360 1474 4412 641..
