3402 5066
611 469 830 536 ..31-

115 665 168 714 -eo
193 647 362 716 Pollucem
385 668 406 714 a
428 647 626 714 Philostrato
653 648 888 728 reprehensum
914 665 988 715 esse
1011 653 1099 732 puto,
1131 648 1268 730 quodie
1292 669 1312 716 a

120 755 283 836 partibus
306 756 417 822 stabat
440 755 569 821 Chresti
577 752 612 838 ¹),
644 771 739 836 quem
766 773 825 837 pro
848 754 980 821 Polluce
1002 754 1163 821 Hadriani
1185 773 1313 824 succes·

125 879 241 928 sorem
262 862 334 930 iore
349 861 443 928 multi
458 860 677 928 Athenienses
692 861 868 942 cupiebant
883 860 933 939 (V.
950 860 981 927 S.
998 860 1032 926 Π
1052 860 1105 944 11,
1123 860 1169 946 2),
1193 862 1312 944 quique

115 968 201 1049 ipse
226 986 354 1050 quoque
377 968 519 1035 Pollucis
542 968 749 1034 adversarius
773 975 844 1035 erat
867 967 917 1049 (V.
941 967 973 1034 S.
996 967 1031 1033 11
1055 967 1107 1051 11,
1132 967 1166 1054 3)
1174 965 1208 1054 9).

221 1075 315 1159 Quae
343 1094 415 1142 cum
441 1075 490 1142 ita
511 1075 588 1152 siut,
620 1080 757 1156 apparet
779 1075 983 1142 Hadrianum
1005 1075 1103 1157 louge
1125 1075 1311 1144 liberiorem

126 1182 339 1250 atticissandi
366 1181 527 1249 rationem
553 1189 699 1249 secutum
724 1199 917 1262 essequam
939 1181 1120 1248 Aristidem
1143 1183 1313 1266 magisque

126 1290 293 1374 idoneam,
324 1307 406 1372 quae
434 1288 475 1355 ad
503 1287 740 1356 dicendumar
761 1293 909 1370 tempore
931 1287 1151 1355 adhiberetur.
1196 1288 1313 1370 Itaque

120 1395 282 1464 'Herodes
306 1396 435 1464 Atticus
458 1394 660 1462 Hadrianum
687 1395 802 1462 habuit
824 1395 978 1478 carumi),
1005 1394 1186 1463 Aristidem
1208 1396 1314 1462 iuimi-

119 1502 247 1590 cum4),
272 1522 337 1586 qua
359 1521 400 1571 ex
422 1523 458 1572 re
480 1504 600 1571 iterum
623 1502 878 1571 concludendum
898 1508 960 1586 est,
984 1500 1189 1570 adversarios
1209 1502 1313 1571 tuisse

129 1605 314 1674 Aristidem
343 1611 379 1673 et
408 1605 619 1672 Hadrianum.
674 1604 759 1689 Quin
789 1605 889 1673 etiam
923 1608 1130 1676 vestimentis
1159 1610 1245 1677 iuter
1276 1628 1312 1677 se

124 1713 331 1782 differebant
361 1712 551 1797 adversarii,
581 1712 765 1779 Hadrianus
794 1713 880 1780 euim
902 1714 1050 1782 vestibus
1080 1716 1254 1784 luxuriosis
1278 1720 1314 1784 et

129 1821 333 1888 ornamentis
368 1819 550 1902 splendidis
587 1819 725 1887 vestitus
759 1817 877 1904 eracl),
916 1821 1081 1890 Aristides
1115 1823 1313 1891 vestimenta

133 1929 275 2012 pretiosa
298 1921 486 2011 neglexitb.

130 2122 168 2187 3.
203 2124 261 2191 De
285 2122 460 2190 ratione
488 2139 595 2203 quae
623 2121 873 2188 intercedat
901 2123 1019 2190 iuter
1045 2124 1312 2191 Hadrianum

573 2235 615 2296 et
638 2229 872 2298 chrestum.

222 2372 351 2439 Deinde
375 2372 537 2439 iuteresse
559 2370 682 2452 aliquid
705 2371 791 2438 inter
814 2370 943 2439 Chresti
966 2378 1001 2440 et
1022 2371 1183 2440 Hadriani
1206 2392 1312 2440 mores

8 2500 29 2508 ··
129 2499 176 2547 ex
209 2498 247 2546 co
279 2483 426 2561 apparet,
466 2477 551 2560 quod
579 2477 741 2544 homullus
772 2478 890 2560 aliquis
919 2479 1058 2546 Athenis
1086 2481 1131 2564 τῷ
1162 2477 1224 2559 μὲν
1253 2472 1312 2542 οὖν

130 2582 290 2672 Ἀδριανῷ
313 2587 562 2670 προςκεκρούκει
588 2577 642 2647 διὰ
667 2581 725 2672 τὴν
755 2585 922 2669 εὐχέρειαν
944 2595 1002 2649 τοῦ
1027 2583 1139 2671 ἤθους,
1162 2589 1312 2674 Χρῆστον

129 2693 168 2758 δὲ
191 2695 248 2756 τὸν
272 2688 309 2756 ἐκ
333 2690 512 2765 Βυζαντίον
536 2689 688 2779 σοφιστὴν
712 2685 918 2777 ἐθεράπευεν
940 2689 992 2778 (V.
1007 2691 1037 2758 S.
1062 2691 1174 2776 1110,
1198 2692 1219 2755 b
1242 2697 1311 2776 sq.).

45 2868 50 2891 ,
135 2801 316 2869 Permultos
352 2800 468 2866 habuit
504 2797 660 2867 Chrestus
695 2798 870 2881 discipulos
883 2797 918 2884 ⁷),
958 2818 1052 2879 quem
1091 2800 1310 2867 Athenienses

15 2933 16 2936 ¹
44 2902 50 2923 '
131 2908 308 2976 cathedrae
332 2906 529 2988 sophisticae
552 2903 684 2988 praefici
714 2905 900 2988 cupiebant,
930 2911 1100 2987 postquam
1122 2905 1310 2974 Hadrianus

17 3003 38 3108 ff
137 3015 313 3082 Romanam
344 3012 478 3094 accepit
524 3012 575 3078 De
605 3012 788 3079 elocutione
818 3013 866 3079 nil
895 3012 1110 3094 comperimus
1140 3012 1203 3079 uisi
1235 3031 1310 3080 eum

21 3105 32 3150 ³
138 3121 274 3191 Herodis
298 3120 401 3187 Attici
423 3137 615 3201 sermonem,
639 3120 668 3186 si
691 3119 813 3186 diutius
829 3119 977 3195 vixisset,
1001 3126 1037 3186 et
1060 3119 1247 3186 facultatem
1269 3137 1310 3187 ex

26 3209 40 3258 ἶ
135 3236 280 3310 tempore
303 3226 432 3294 dicendi
447 3233 670 3293 assecutumm
693 3225 804 3293 tuisse.
843 3225 955 3307 Neque
970 3243 1047 3293 vero
1071 3225 1213 3309 diligens
1236 3228 1310 3293 atti·

35 3405 42 3470 i
135 3338 217 3403 cista
239 3335 343 3402 fuisse
365 3333 505 3416 videtur,
530 3351 601 3399 cum
625 3334 724 3401 etiam
746 3333 967 3400 Philostratus
990 3333 1112 3399 amicus
1136 3351 1210 3400 eum
1233 3351 1310 3400 ucu-

141 3442 210 3508 dum
224 3440 365 3508 Herodis
388 3439 602 3507 elocutionem
624 3447 808 3507 assecutum
831 3458 906 3508 esse
922 3439 1078 3507 concedat
1101 3447 1135 3507 et
1157 3440 1312 3521 permulti

140 3549 178 3615 de
207 3549 278 3616 eius
307 3546 502 3614 auctoritate
532 3546 729 3629 dubitarent,
757 3547 853 3614 sicuti
876 3547 917 3614 de
940 3545 1124 3628 Scopeliaui
1147 3547 1197 3624 (V.
1220 3545 1251 3613 S.
1274 3546 1310 3613 II

142 3655 190 3737 11,
214 3657 243 3720 1.
265 3654 282 3720 Ι
305 3653 360 3737 21,
390 3650 431 3737 1).
477 3651 621 3732 Hiusque
644 3653 800 3734 optimum
823 3652 1027 3736 discipulum,
1052 3653 1309 3735 Hippodromum

144 3797 345 3808 ——...—

225 3868 247 3933 ¹)
265 3866 321 3919 cfr.
340 3882 367 3933 p.
386 3866 421 3918 82
440 3881 500 3932 sqq.

225 3957 248 4024 ¹)
266 3956 374 4021 Barake,
392 3955 495 4006 Pollux
513 3959 542 4005 st
560 3953 701 4006 Lucienus
719 3970 746 4021 p.
764 3954 799 4006 34
818 3970 859 4020 sq.

224 4042 246 4112 ⁸)
265 4044 321 4096 Cfr.
339 4061 367 4111 p.
386 4045 421 4095 68
440 4059 481 4110 sq.

224 4131 496 4203 thauma

226 4223 501 4288 busnmc

226 4309 250 4379 ο)
267 4329 307 4364 or.
324 4313 368 4377 49,
387 4312 418 4364 11
435 4312 497 4368 494.

226 4399 250 4469 1)
269 4400 462 4486 SicvcrapDas
480 4401 576 4452 Labsn
595 4400 643 4452 dos
662 4363 798 4452 Libaniua
817 4417 851 4466 p„
862 4400 906 4452 88.

1128 4486 1145 4536 6
