3402 5066
693 446 913 511 ..35-

218 622 259 688 In
282 624 342 689 hos
367 631 403 690 ut
424 624 618 691 nouissimos
642 625 785 691 Pollucis
807 626 920 709 libros,
945 645 1024 706 quos
1047 626 1253 692 Commodum
1276 627 1309 692 in
1332 628 1395 694 hac

216 729 378 796 cathedra
394 729 572 798 deferenda
587 732 726 798 maxime
742 737 963 814 spectatorum
980 750 1054 800 esse
1069 738 1172 816 putat,
1188 733 1393 815 Phrynichus

217 837 446 904 uehementius
467 837 634 904 invehitur
655 857 750 919 quam
773 839 807 904 in
832 846 968 907 ceteros
1007 838 1071 906 Sed
1096 857 1168 905 cum
1191 840 1308 905 Pollux
1329 839 1394 922 ipsi

218 943 390 1009 Commodo
417 944 519 1012 libros
543 943 687 1028 dedicet,
711 945 918 1026 Phrynichus
942 945 983 1010 ad
1008 945 1245 1028 Cornelianum,
1275 947 1329 1026 qui
1352 948 1393 1012 ab

215 1050 368 1131 epistulis
392 1050 541 1118 Caesaris
570 1056 651 1134 erat,
676 1070 751 1118 suos
779 1052 881 1118 mittit
913 1071 1050 1133 eumque
1081 1054 1214 1118 summis
1243 1052 1392 1119 laudibus

217 1155 317 1224 effert
329 1159 358 1236 1).
396 1157 479 1222 Nam
495 1176 687 1238 quamquam
703 1158 820 1224 Pollux
836 1158 1000 1225 Commodi
1023 1158 1165 1225 studium
1189 1158 1393 1226 atticissandi

218 1263 368 1330 laudibus
392 1264 558 1332 celebrare
581 1283 645 1331 nou
668 1265 816 1347 neglegit
838 1263 870 1350 (Ι
893 1266 924 1348 1,
948 1266 996 1330 IV
1020 1265 1062 1350 1),
1092 1274 1202 1333 tamen
1224 1265 1281 1350 ille
1304 1271 1393 1334 artes

218 1375 255 1436 et
287 1370 402 1436 literas
439 1389 504 1437 non
537 1373 586 1438 ita
621 1371 760 1438 coluisse
792 1372 922 1439 videtur
931 1370 965 1456 2).
1022 1371 1134 1451 Neque
1169 1373 1280 1438 dubito
1316 1373 1392 1452 quin

217 1477 426 1558 Phrynichus
462 1497 500 1544 re
539 1479 686 1546 consulta
723 1484 756 1546 et
795 1479 963 1560 explorata
1002 1478 1229 1545 Cornelianum
1267 1497 1391 1545 summo

217 1584 413 1665 magistratu
427 1584 611 1666 praeditum
626 1584 753 1668 adierit,
775 1585 828 1651 cui
843 1585 1107 1667 philosophorum
1123 1589 1158 1651 et
1172 1585 1390 1666 sophistarum

216 1689 379 1756 delectum
397 1691 587 1758 Commodus
608 1691 748 1758 fortasse
764 1691 878 1759 eodem
893 1691 986 1758 modo
1001 1691 1160 1773 permisit,
1184 1710 1246 1770 quo
1262 1691 1391 1757 Marcus

217 1795 341 1863 Herodi
363 1797 473 1864 Attico
496 1798 546 1881 (V.
570 1797 600 1864 S.
624 1797 660 1864 Π
684 1798 714 1882 2,
739 1797 781 1882 2).

307 1921 420 2001 Neque
447 1941 525 1989 uero
556 1923 742 2006 Phrynicho
775 1923 833 1990 sed
863 1924 988 1990 Polluci
1019 1924 1198 2005 praemium
1229 1923 1390 1990 tribuitur.

215 2027 421 2110 Quamquam
448 2031 535 2096 enim
558 2031 764 2112 Phrynichus
795 2029 983 2114 diligentior
1013 2036 1085 2098 erat
1107 2030 1250 2113 Polluce,
1281 2036 1391 2097 tamer

213 2135 289 2202 eius
311 2135 395 2201 ratio
423 2137 563 2202 testibus
586 2137 689 2204 Attici
720 2138 878 2204 sermonis
903 2138 1016 2204 utendi
1046 2142 1113 2203 tam
1137 2137 1279 2204 difficilis
1310 2143 1391 2220 erat,

217 2247 254 2306 ut
278 2261 340 2322 qua
356 2259 435 2309 voce
457 2244 505 2309 uti
528 2243 653 2327 liceret,
677 2264 740 2324 qua
759 2262 833 2326 nou,
857 2244 921 2310 nisi
937 2244 1166 2328 grammaticus
1182 2263 1223 2310 ue
1247 2243 1392 2310 cruditus

213 2350 349 2430 quidem
365 2351 450 2418 scire
466 2354 577 2432 posset
598 2353 618 2431 ).
646 2352 761 2431 Itaque
777 2369 850 2417 cum
866 2350 1024 2418 Caesares
1040 2370 1079 2418 ea
1095 2351 1259 2416 sententia
1275 2349 1391 2416 studiis

217 2457 286 2522 illis
309 2457 468 2541 foverent,
496 2464 533 2524 ut
561 2457 759 2524 eruditorum
792 2476 896 2524 sermo
928 2457 1110 2540 elegantior
1140 2456 1243 2538 fieret,
1275 2456 1391 2522 Pollux
1441 2458 1443 2517 ζ
1495 2516 1499 2522 ,

213 2563 387 2645 superavit
420 2565 649 2647 Phrynichum.
703 2566 879 2632 Praeterea
913 2564 1119 2647 Phrynichus
1154 2562 1323 2630 Menandri
1358 2571 1393 2629 et

214 2669 456 2754 Xenophontis,
481 2691 614 2750 quorum
638 2673 814 2738 auotoritas
838 2691 862 2737 s.
886 2671 928 2737 Π.
959 2672 1095 2748 multum
1122 2667 1293 2752 valebas),
1326 2689 1392 2736 ser-

220 2796 347 2844 monem
381 2781 449 2843 tam
484 2778 604 2844 acriter
634 2779 870 2861 castigaverat,
906 2785 942 2844 ut
973 2777 1197 2859 Cornelianus,
1232 2777 1285 2855 qui
1320 2778 1393 2857 ipse

213 2902 345 2964 quoque
367 2885 454 2950 inter
476 2883 649 2959 Menandri
671 2884 856 2950 laudatores
880 2881 998 2967 erato,
1022 2883 1243 2966 Phrynichum
1260 2882 1392 2949 Caesari

214 2992 444 3058 commendare
477 2991 587 3058 nollet.
641 2992 805 3057 Pollucem
836 2994 944 3057 autem
977 2995 1043 3056 tam
1074 2989 1253 3072 gratiosum
1290 2988 1392 3055 fuisse

213 3097 305 3178 apud
333 3098 538 3165 Commodum
566 3098 782 3165 Philostratus
806 3101 919 3163 narrat
941 3097 992 3178 (V.
1015 3095 1047 3162 S.
1070 3095 1116 3179 H,
1141 3093 1193 3178 12,
1219 3092 1262 3180 4),
1291 3100 1327 3174 ut
1350 3097 1392 3161 ab

215 3204 289 3285 ipso
313 3206 453 3272 Caesare
476 3206 665 3273 cathedram
689 3205 860 3287 acciperet.

309 3313 361 3378 Dc
389 3313 554 3379 cathedris
586 3318 620 3378 et
647 3309 863 3395 philosophie
895 3315 930 3377 et
961 3310 1126 3390 sophistae
1140 3307 1162 3390 7)
1194 3308 1251 3374 illa
1282 3301 1392 3376 aetate

213 3421 304 3486 inter
327 3438 363 3485 se
386 3422 567 3501 certabant,
591 3422 627 3484 ut
644 3418 834 3499 Apollonius
851 3417 1040 3484 Naucratita
1056 3423 1170 3482 contra
1185 3415 1392 3482 Heraclidem

310 3669 330 3734 ¹)
349 3685 376 3720 n.
396 3669 448 3719 356
468 3685 493 3736 p.
512 3669 566 3720 474
585 3669 611 3719 R
629 3668 681 3719 379
700 3667 732 3732 L,
751 3683 778 3720 n.
798 3667 852 3718 370
870 3681 896 3732 p.
916 3665 968 3716 482
987 3664 1013 3715 R
1031 3664 1083 3714 391
1103 3662 1133 3716 L.

308 3754 331 3826 ²)
350 3756 425 3808 Aelii
442 3756 596 3824 Lampridii
615 3755 785 3808 Commodus
804 3753 975 3818 Antoninus,
996 3769 1018 3806 c.
1039 3753 1062 3803 1.

308 3842 330 3912 ὅ)
345 3847 401 3898 Cfr.
412 3845 668 3912 Wilamowituium,
679 3844 731 3897 Die
743 3843 917 3912 griechische
927 3841 1072 3894 Literatur
1085 3841 1133 3892 dea
1143 3841 1299 3892 hltsrtuma
1314 3840 1392 3907 1905,

221 3951 408 4092 ιωΡωξωΟΞι..
424 3937 507 4090 11)ῗὸ13
527 4025 589 4077 adn.
607 4025 631 4089 1,
650 4021 841 4087 Phrynichum
859 4037 886 4074 n.
902 4021 953 4071 393
973 4037 999 4086 p.
1012 4019 1065 4071 492
1079 4020 1112 4086 R,
1132 4017 1304 4071 Schmidiurn
1317 4017 1393 4083 opud

212 4115 370 4178 Pauly-W.
388 4114 430 4167 1v
449 4114 527 4178 1901,
546 4130 573 4180 p.
595 4115 663 4166 1248
682 4129 704 4164 s.
723 4129 749 4166 v.
771 4109 963 4163 Cornelianus.
1327 4116 1328 4119 ’

308 4203 329 4272 ⁶)
347 4203 527 4269 Phrynichus
546 4205 563 4258 l.
584 4205 600 4254 l.

309 4291 331 4361 ⁰)
349 4292 493 4345 Lucienus
512 4293 639 4344 Eunuch.
659 4309 683 4348 c.
702 4292 727 4344 3.

308 4381 331 4452 ⁷)
350 4384 406 4437 Ofr.
425 4400 451 4450 p.
471 4383 507 4434 34
526 4382 589 4434 adn.
608 4383 633 4434 4.
